3142 5167
1411 552 1493 613 29

550 753 613 817 O.
701 758 817 820 24:
926 752 1269 841 [Quartilla
1340 739 1578 819 Gitona
1660 754 1981 838 vocatum]
2056 758 2142 817 ad
2216 775 2280 815 se
2357 757 2429 815 in

463 874 744 938 osculum
813 876 1143 955 adplicuit.
1216 895 1367 937 mox
1438 896 1713 937 manum
1781 878 1977 947 etiam
2047 875 2306 935 demisit
2359 874 2431 931 in

461 967 701 1053 sinum·
724 998 785 1053 et
824 997 1218 1081 pertractato
1264 991 1516 1052 vasculo
1563 998 1701 1051 tam
1746 992 1900 1052 rudi
1924 988 2074 1051 cett:
2102 1023 2188 1034 —
2213 982 2430 1048 Scribe

460 1107 692 1167 talium
738 1107 891 1166 rudi
937 1102 1076 1167 coll.
1112 1124 1273 1187 quae
1301 1103 1608 1188 leguntur
1639 1123 1764 1186 seq.
1800 1120 1974 1185 cap.:
2007 1123 2121 1164 nec
2158 1103 2394 1163 Gitona
2414 1146 2429 1177 ‚

461 1224 1073 1285 verecundissimum
1119 1242 1432 1302 puerum,
1494 1223 1791 1302 sufficere
1835 1223 1986 1282 huic
2026 1219 2430 1300 petulantiae

459 1341 824 1420 adfirmavi.

546 1450 613 1515 O.
688 1453 807 1517 30:
899 1457 1080 1517 Duae
1148 1456 1402 1518 tabulae
1471 1458 1543 1516 in
1613 1463 1884 1539 utroque
1947 1462 2126 1534 poste
2178 1454 2429 1533 defiaeae

458 1569 694 1653 [erant]
711 1620 729 1648 ,
798 1592 1078 1655 quarum
1115 1618 1308 1634 .....
1383 1554 1590 1634 altera
1653 1573 1848 1633 lunae
1910 1590 2174 1633 cursum
2219 1569 2431 1631 stella·

456 1708 730 1773 rumque
775 1696 1013 1768 septem
1044 1692 1356 1768 imaqines
1380 1692 1589 1769 pictas
1614 1685 1957 1771 [habebat]
1987 1669 2074 1734 -’-
2098 1681 2246 1748 Non
2270 1683 2427 1747 satis

458 1800 760 1886 intellego
785 1849 800 1880 ‚
871 1802 1177 1886 quomodo
1244 1802 1451 1885 pictor
1517 1805 1713 1865 lunae
1782 1823 2045 1864 cursum
2115 1797 2427 1863 coloribus

457 1916 713 1981 reddere
758 1918 1055 2001 potuerit.
1152 1915 1389 1981 Veram
1434 1916 1776 1980 lectionem
1821 1917 2015 1978 lunae
2061 1935 2262 1977 cornu
2293 1932 2428 1975 esse

458 2035 756 2119 suspicor.

439 2177 445 2183 ·
546 2150 612 2215 G.
687 2154 805 2215 31:
898 2155 1024 2233 Eyo
1093 2156 1377 2234 experiri
1436 2154 1609 2215 volui
1654 2172 1743 2213 an
1791 2156 1924 2212 tota
1969 2152 2233 2229 familia
2278 2125 2427 2211 can-

459 2277 641 2332 taret.
713 2274 926 2354 itaque
987 2275 1312 2351 potionem
1374 2274 1630 2351 poposci
1645 2291 1669 2347 ;
1735 2271 2196 2349 paratissimus
2262 2287 2429 2346 puer

457 2408 587 2448 non
672 2392 891 2449 minus
964 2409 1066 2449 me
1141 2392 1320 2450 acido
1396 2391 1643 2449 cantico
1718 2390 1980 2466 excepit.
2059 2421 2147 2431 —
2221 2381 2430 2458 Quum

456 2502 828 2568 Petronium
895 2504 1104 2568 verbis
1172 2507 1238 2568 et
1298 2503 1685 2569 dictionibus
1732 2503 1812 2567 ab
1859 2502 2140 2567 oratione
2187 2500 2431 2564 urbana

457 2624 522 2686 et
576 2622 771 2706 polita
816 2622 1042 2686 alienis
1089 2623 1485 2707 sermonique
1509 2620 1800 2706 populari
1822 2618 2383 2705 propinquioribus
2414 2666 2428 2695 ‚

457 2737 682 2821 (veluti
750 2741 1091 2800 bisaccium
1112 2785 1126 2814 ‚
1194 2741 1502 2814 caballus,
1573 2745 1823 2813 matu3‚
1889 2740 2079 2801 bucca
2120 2728 2222 2799 ”et
2294 2755 2434 2797 sex-

459 2854 645 2914 centa
711 2850 862 2934 alia)
932 2852 1299 2935 frequenter
1369 2873 1553 2914 usum
1602 2871 1736 2913 esse
1769 2853 2030 2914 constet
2049 2898 2063 2927 ‚
2121 2849 2251 2918 hoc
2296 2849 2432 2913 loco

459 2990 603 3032 eum
666 2968 992 3051 scripsisse
1039 2974 1396 3032 comminus
1445 2970 1592 3051 apte
1640 2966 1925 3031 conicere
1971 2966 2201 3051 possis,
2251 2966 2429 3029 cuius

459 3068 747 3150 ‘vocabuli
813 3087 979 3150 teste
1043 3085 1260 3170 Servio
1330 3086 1434 3172 (ad
1505 3084 1701 3170 Verg.
1775 3082 1925 3147 GeO.
2005 3086 2036 3146 1
2061 3131 2076 3160 ,
2152 3082 2304 3166 104)
2361 3082 2432 3144 in

459 3201 669 3265 Gallia
716 3199 1045 3284 Cisalpina
1089 3225 1242 3266 usus
1289 3200 1850 3288 frequentissimus
1881 3198 2007 3262 fuit
2034 3202 2397 3282 pro-statim
2419 3244 2433 3273 ‚

458 3325 787 3401 continue,
835 3325 984 3409 quia
1030 3322 1351 3386 sententia
1394 3322 1513 3386 hoc
1560 3321 1769 3405 ipsum
1795 3318 2113 3403 postulare
2155 3317 2428 3382 videtur.

458 3438 690 3506 Nescio
733 3445 951 3506 tamen
997 3464 1080 3504 an
1127 3446 1426 3504 continuo
1474 3439 1788 3524 corrigere
1835 3438 2135 3522 praestet.

548 3557 615 3622 O.
669 3562 788 3622 33:
846 3561 1251 3639 qustantibus
1298 3561 1508 3620 adhuc
1552 3559 1729 3618 nobis
1774 3558 2224 3637 repositorium
2270 3555 2429 3615 alla-

459 3685 600 3739 tum
669 3685 758 3739 est
821 3698 968 3739 cum
1014 3677 1220 3750 corbe,
1292 3679 1363 3735 in
1410 3694 1532 3757 quo
1579 3674 1827 3752 qallina
1870 3680 2012 3734 erat
2056 3673 2267 3751 liqnea
2307 3690 2429 3749 pa-

458 3796 732 3856 tentibus
799 3798 871 3855 in
912 3794 1152 3880 ‘orbem
1214 3792 1352 3852 alis.
1408 3825 1492 3835 --
1540 3785 1766 3850 Malim
1841 3790 2135 3867 siliqinea
2182 3784 2321 3849 coll.
2373 3805 2425 3847 0.

460 3907 576 3968 693
626 3911 945 3989 epidipnis
993 3914 1149 3968 esset
1194 3907 1430 3979 allata,
1481 3905 1662 3965 turdi
1709 3903 2003 3982 sili9inei.

547 4020 614 4084 G.
666 4024 780 4085 42:
844 4025 1001 4085 abiit
1047 4024 1133 4083 ad
1172 4023 1410 4101 plures.
1462 4022 1694 4081 medici
1738 4020 1925 4080 illum
1966 4019 2427 4098 perdiderunt,

458 4143 655 4201 immo
701 4145 907 4221 ma9is
952 4143 1185 4203 malus.
1211 4142 1435 4218 fatus;
1486 4141 1769 4200 medicus
1816 4141 1989 4199 enim
2034 4137 2199 4198 nihil
2245 4137 2426 4197 aliud

460 4263 551 4317 est
595 4277 790 4340 quam
837 4262 1048 4320 animi
1094 4259 1449 4320 consolatio,
1502 4291 1582 4303 —
1628 4253 1790 4330 Quia
1834 4250 2099 4318 absurde
2142 4251 2427 4317 medicus

460 4369 706 4436 dicatur
751 4380 961 4437 animi
1006 4378 1342 4439 consolatio
1360 4423 1375 4454 ‚
1423 4395 1537 4458 pro
1572 4376 1865 4457 corrupto
1898 4372 2076 4438 locus
2098 4369 2425 4437 habendus
