3142 5167
1422 488 1537 563 ‚75

512 702 835 760 remissior
914 697 1187 779 pressius
1263 697 1559 770 secutUS‚
1650 692 2041 775 scripsisset:
2148 691 2470 750 Hodierno

513 816 616 875 die
682 835 789 893 spe
857 817 1063 875 nescio
1131 833 1257 893 qua
1317 815 1496 893 pacis
1567 812 1799 871 obiecta
1846 808 2170 868 remissior
2218 810 2476 865 senatus

514 932 662 1008 fuit.

601 1043 680 1107 In
742 1042 979 1108 Anton.
1050 1042 1232 1107 VIII.
1308 1046 1366 1106 2.
1446 1043 1519 1107 7:
1625 1044 1853 1105 Utrum
1912 1042 2024 1099 hoc
2069 1038 2299 1098 bellum
2347 1053 2478 1094 non
2562 1076 2566 1079 >

514 1168 604 1222 est
627 1163 659 1221 P
767 1162 986 1222 Etiam
1055 1167 1316 1222 tantum
1383 1159 1614 1220 bellum
1641 1203 1656 1234 ‚
1734 1161 2053 1236 quantum
2118 1169 2479 1229 numquam

514 1281 664 1356 fuit.
766 1278 998 1340 Ceteris
1045 1282 1226 1340 enim-
1264 1277 1435 1338 bellis
1457 1322 1471 1351 ‚
1521 1276 1928 1352 maximeque
1973 1270 2289 1342 civilibuS,
2337 1265 2479 1326 con-

517 1396 864 1453 tentionem
935 1396 1031 1455 rei
1094 1393 1381 1472 publicae
1451 1410 1647 1452 causa
1715 1389 2005 1467 faciebat.
2102 1385 2281 1446 Sulla
2333 1402 2480 1444 cum

442 1591 451 1596 -
518 1509 796 1588 Sulpicio
864 1512 942 1570 de
986 1514 1130 1572 iure
1175 1511 1420 1590 lequm,
1492 1528 1649 1591 quas
1691 1528 1810 1587 per
1855 1509 1988 1567 vim
2035 1504 2252 1565 consul
2300 1502 2480 1563 Sulla
2572 1515 2576 1519 ’

516 1627 682 1687 latas
750 1648 877 1688 esse
935 1603 1221 1705 dicebat)
1293 1629 1500 1689 Cinna
1547 1647 1697 1689 cum
1747 1627 2002 1689 Octavio
2048 1625 2125 1684 de
2170 1641 2481 1683 novorum

516 1745 756 1803 civium
830 1745 1201 1823 suffrayiis;
1271 1765 1498 1805 rursus
1565 1763 1714 1812 cum
1785 1743 1988 1802 Mario
2059 1747 2118 1800 et
2207 1739 2483 1800 Carbone

520 1859 700 1920 Sulla
746 1865 883 1919 cett.
944 1894 1012 1904 -—-
1061 1854 1209 1920 Non
1253 1877 1380 1921 uno
1425 1856 1585 1920 vitio
1631 1857 1784 1920 haec
1833 1854 2115 1917 laborare
2160 1851 2476 1915 videntur.

516 1973 661 2036 Etsi
729 1973 901 2036 enim
970 1974 1193 2057 negari
1261 1974 1486 2057 nequit
1553 1983 1781 2037 utrum
1851 1967 1921 2035 in
1983 1970 2481 2054 interrogatione

518 2091 841 2180 interdum
911 2091 1002 2153 ita
1070 2094 1444 2175 usurpatum
1508 2113 1644 2156 esse
1664 2140 1678 2169 ‚
1746 2094 1820 2153 ut
1879 2113 1968 2153 an
2013 2089 2227 2153 vel-ne
2273 2089 2343 2151 in
2389 2108 2485 2150 se-

516 2208 857 2291 quentibus
926 2208 1359 2286 omitteretur,
1430 2211 1642 2272 tamen
1718 2230 1847 2272 non
1892 2207 2078 2271 facile
2126 2204 2486 2287 exemplum

515 2321 804 2386 invenies
874 2322 1394 2407 interrogationis
1472 2312 1842 2407 negativae,
1915 2342 2073 2405 quae
2142 2341 2337 2404 quum
2407 2318 2485 2383 ab

507 2446 732 2501 utrum
781 2438 1088 2521 incipiat,
1139 2460 1307 2522 seqq.
1375 2420 1470 2501 an⁴
1524 2437 1626 2501 vel
1675 2461 1787 2501 -nc
1832 2440 2060 2502 careat.
2157 2434 2312 2500 Voc.
2363 2440 2484 2500 bel-

519 2556 656 2616 lum
696 2553 860 2615 male
905 2554 1252 2635 repetitum
1293 2554 1424 2625 ,iam
1469 2551 1777 2632 Lambino
1824 2552 2170 2636 displicuit.
2267 2542 2485 2615 Etiam

519 2671 825 2731 commate
899 2691 935 2731 a
996 2689 1165 2752 seqq.
1231 2669 1752 2758 distinguendum
1804 2669 2098 2731 existimo
2115 2716 2130 2746 ‚
2203 2671 2275 2731 ut
2321 2669 2485 2732 affir-

519 2784 861 2846 mationem
927 2786 1143 2860 notet‚
1214 2804 1357 2868 qua⁴
1405 2782 1809 2866 praecedenti
1855 2783 2341 2866 interrogationi
2387 2804 2485 2846 re-

523 2898 918 2981 spondeatur.
1016 2896 1168 2961 Voc.
1246 2901 1425 2961 Sulla
1493 2901 1686 2981 p'arvo
1756 2882 2090 2961 intervallo
2142 2899 2486 2981 repetitum

522 3035 651 3077 non
697 3013 924 3077 leviter
969 3015 1250 3077 offendit.
1331 3014 1647 3098 Equidem
1693 3017 1835 3098 post
1879 3014 2257 3097 praecedens
2306 3019 2485 3081 Sulla

522 3151 656 3193 voc.
729 3133 943 3194 consul
1010 3130 1257 3194 librarii
1302 3131 1702 3215 negligentia
1746 3132 2008 3215 periisse
2056 3133 2330 3211 coniciO,
2400 3135 2485 3197 si-

522 3246 885 3311 militudine
933 3269 1101 3332 seqq.
1152 3249 1479 3312 literarum
1524 3252 1803 3313 cumsul-
1850 3248 2113 3332 decepti.
2175 3242 2486 3334 'Sequenti

523 3367 739 3429 consul
786 3367 966 3428 Sulla
1012 3386 1208 3448 aequo
1254 3366 1467 3431 animo
1513 3387 1723 3430 carere
1770 3387 2118 3449 possumus.
2184 3364 2275 3430 At
2304 3391 2485 3452 prae-

409 3549 416 3556 ,
522 3483 696 3545 terea
763 3481 917 3544 haec
978 3482 1287 3564 posterior
1332 3482 1652 3546 sententia
1698 3481 1887 3546 verbo
1935 3473 2168 3560 caret(
2208 3484 2336 3546 nisi
2381 3490 2486 3564 fa-

522 3602 720 3661 ciebat
787 3598 1078 3662 eliciatur
1124 3620 1201 3662 ex
1247 3594 1801 3683 praecedentibUS‚
1872 3598 2037 3682 quod
2082 3598 2224 3661 vide
2244 3646 2259 3676 ‚
2330 3622 2496 3690 num(

526 3692 617 3777 ita
682 3716 821 3778 fieri
892 3717 1091 3799 possit
1109 3765 1123 3794 ‚
1194 3719 1267 3780 ut
1333 3701 1463 3780 non
1514 3716 1694 3780 valde
1743 3718 2229 3799 contorqueatur
2275 3720 2339 3779 et
2386 3718 2486 3780 in-

525 3830 844 3915 fringatur
888 3833 1116 3902 oratio,
1203 3832 1372 3908 Quae
1419 3854 1617 3916 quum
1663 3833 1754 3895 ita
1801 3833 1959 3909 sint,
2019 3831 2172 3895 haec
2217 3831 2487 3916 legenda

527 3948 856 4013 videntur:
962 3953 1189 4014 Utrum
1234 3954 1347 4013 hoc
1391 3954 1656 4028 bellum,
1703 3972 1786 4013 an
1831 3972 1962 4012 non
2008 3954 2148 4012 est?
2233 3953 2484 4027 Etiam,

528 4073 818 4144 tantum;
892 4075 1211 4151 quantum
1263 4089 1623 4152 numquam
1668 4064 1851 4146 fuit(
1919 4068 2152 4129 Ceteris
2199 4071 2371 4128 enim
2417 4066 2487 4127 in

528 4184 734 4260 bellis,
784 4188 1189 4267 mamimeque
1235 4187 1520 4247 civilibus
1566 4187 2032 4246 contentionem
2078 4188 2174 4245 rei
2205 4174 2496 4263 publicae⁴

530 4320 724 4362 causa
791 4303 1145 4393 faciebant,
1216 4304 1290 4363 ut
1361 4302 1540 4365 Sulla
1610 4301 1827 4363 consul
1888 4322 2035 4365 cum
2083 4302 2361 4381 Sulpicio
2408 4304 2486 4363 de

2092 4609 2112 4648 Χ
