3142 5167
1634 475 1716 537 50

783 679 850 745 O.
900 684 1018 745 12:
1110 684 1280 744 Haec
1349 683 1742 763 eloquentiae
1803 686 2166 763 primordia
2183 728 2200 759 ‚
2267 686 2420 745 haec
2458 704 2651 764 pene·

693 800 934 879 tralia,·
1007 803 1119 862 hoc
1184 803 1480 880 primum
1545 800 1768 862 habitu
1835 802 2133 881 cultuque
2209 802 2652 862 commendata

694 918 1065 979 mortalibus
1118 921 1190 979 in
1237 918 1351 978 illa
1393 925 1569 979 casta
1616 924 1676 978 et
1720 918 1919 979 nullis
1964 924 2252 980 contacta
2294 921 2469 980 vitiis
2507 938 2651 998 pec-

695 1043 837 1096 tora
899 1038 1210 1114 influxit,·
1265 1038 1354 1096 sic
1398 1034 1660 1095 oracula
1705 1036 2139 1115 loquebantur.
2234 1036 2404 1097 Nam
2447 1035 2651 1096 lucro-

694 1174 801 1215 sae
865 1158 1059 1216 huius
1125 1162 1187 1215 et
1255 1157 1711 1234 sanquinantis
1780 1156 2171 1234 eloquentiae
2237 1173 2391 1215 usus
2436 1173 2650 1215 recens

693 1280 753 1334 et
818 1273 1007 1336 malis
1074 1273 1353 1334 moribus
1419 1279 1634 1333 natus.
1688 1300 1777 1316 —-
1822 1267 1972 1333 Non
2038 1272 2320 1333 lucrosae
2365 1268 2474 1332 sed
2517 1271 2648 1332 luc-

690 1395 910 1451 tuosae
968 1387 1119 1451 olim
1181 1387 1490 1470 scriptum
1548 1387 1744 1450 fuisse
1814 1386 2075 1450 conici0.
2167 1382 2430 1449 Amavit
2475 1384 2648 1448 enim

689 1500 945 1587 Dialogi
1012 1503 1283 1586 scriptor
1347 1503 1523 1586 paria
1590 1502 1922 1566 verborum
1984 1503 2288 1586 cognatae
2351 1501 2522 1564 inter
2582 1522 2647 1564 se

690 1618 1175 1702 significationis
1236 1638 1625 1701 componere.
1718 1617 1841 1682 Vel
1894 1606 2246 1703 proximam
2289 1618 2477 1681 huius
2522 1618 2646 1683 loci

691 1734 995 1798 viciniam
1058 1734 1440 1818 perlustrare
1516 1734 1769 1801 sufficit.
1879 1734 2179 1799 Videbis:
2253 1756 2518 1799 nemora
2586 1744 2644 1798 et

691 1852 819 1913 luci
833 1873 858 1929 ;
927 1854 1136 1914 sordes
1202 1873 1276 1914 ac
1341 1854 1645 1915 lacrimas
1705 1872 1963 1915 reorum
1979 1876 2004 1927 ;
2066 1854 2199 1914 loca
2237 1873 2413 1933 pura
2458 1859 2646 1931 atque

690 1971 1097 2046 innocentia;
1162 1968 1385 2031 habitu
1451 1970 1749 2048 cultuque
1764 1990 1791 2046 ;
1860 1975 2036 2030 casta
2103 1975 2163 2029 et
2230 1968 2426 2029 nullis
2471 1969 2645 2028 vitiis

690 2089 980 2145 contacta
1051 2090 1307 2163 pectora
1322 2104 1348 2160 ;
1423 2087 1627 2163 poetis
1702 2090 1763 2144 et
1834 2085 2127 2161 vatibus;
2201 2084 2334 2146 deis
2404 2086 2646 2162 qenitos

692 2218 1020 2279 sacrosque
1061 2219 1277 2277 reqes;
1325 2201 1614 2279 inquieta
1658 2205 1719 2259 et
1763 2201 1968 2260 anxia
2013 2201 2148 2259 vita
2193 2199 2337 2260 cebt.

781 2311 1023 2375 Eadem
1095 2310 1174 2374 de
1253 2332 1439 2376 causa
1512 2312 1727 2375 nescio
1800 2333 1886 2375 an
1957 2312 2394 2377 emendatione
2469 2315 2672 2398 egeat·⁴

694 2429 901 2505 loeus,
988 2428 1099 2510 qui
1168 2427 1404 2510 legitur
1473 2448 1524 2490 c.
1597 2430 1715 2490 23:
1825 2430 1995 2491 Nam
2063 2437 2123 2490 et
2191 2432 2342 2491 haec
2412 2433 2653 2491 invitus

695 2547 917 2608 rettuli
984 2553 1044 2607 et
1100 2547 1298 2626 plura
1365 2549 1586 2622 omisi,
1655 2567 1817 2627 quae
1885 2554 2104 2609 tamen
2148 2549 2280 2609 sola
2324 2551 2655 2620 mirantur

695 2670 884 2743 atque
914 2665 1292 2742 exprimunt
1318 2666 1396 2739 ii,
1445 2665 1554 2743 qui
1586 2683 1650 2724 se
1673 2667 1969 2743 antiquos
1998 2671 2277 2725 oratores
2300 2672 2541 2726 vocant.
2570 2700 2651 2710 —

693 2775 816 2842 Pro
861 2782 1194 2842 mirantur
1239 2772 1589 2864 imitantur
1636 2775 2148 2842 substibuendum
2178 2780 2350 2861 puto.
2422 2781 2654 2841 Aemu-

691 2896 820 2956 lari
864 2895 930 2956 eia
974 2897 1334 2975 exprimere
1379 2892 1717 2977 coniungit
1764 2890 2015 2955 Plinius
2060 2893 2179 2976 Ep.
2229 2891 2361 2970 IV,
2414 2897 2494 2958 18
2514 2941 2529 2970 ,
2587 2896 2653 2969 13

692 3009 804 3074 IX.
856 3012 958 3074 22.
1013 3011 1068 3072 1.

780 3125 1021 3191 Similis
1087 3148 1189 3190 res
1262 3130 1360 3190 est
1406 3149 1458 3191 c.
1511 3129 1634 3190 29:
1704 3130 1955 3191 Horum
2001 3129 2376 3213 [servorum]
2421 3132 2657 3210 fabulis

690 3252 752 3307 et
817 3246 1132 3305 erroribus
1196 3247 1400 3305 teneri
1472 3248 1694 3304 statim
1763 3251 1824 3303 et
1869 3247 2059 3306 rudes
2105 3249 2314 3307 animi
2358 3248 2654 3308 imbuun-

689 3365 818 3419 tur.
869 3393 950 3403 —
997 3355 1285 3420 Ritizerus
1353 3359 1676 3419 amoribus
1745 3356 1957 3439 legere
2001 3357 2248 3422 maluib.
2340 3358 2653 3443 Equidem

689 3474 1079 3535 sermonibus
1146 3472 1459 3557 corrigere
1528 3471 1750 3535 malim
1815 3472 1952 3536 coll.
2047 3472 2213 3539 Plin.
2261 3476 2380 3560 Ep.
2429 3476 2524 3555 V,
2575 3480 2649 3556 6,

692 3591 765 3653 6:
841 3593 1072 3652 audias
1145 3593 1399 3670 fabulas
1478 3598 1712 3653 veteres
1781 3612 2217 3677 sermonesque
2282 3600 2648 3669 maiorum,·

690 3706 770 3771 V.
822 3711 900 3783 8,
943 3711 1018 3771 4:
1090 3710 1257 3773 Sunt
1303 3713 1479 3772 enim
1526 3713 1814 3772 homines
1863 3718 2108 3774 natura
2154 3717 2387 3776 curiosi
2422 3760 2436 3774 .
2466 3761 2479 3775 .
2510 3761 2523 3774 .
2574 3722 2650 3777 ut

632 3807 638 3812 ⁴
690 3833 799 3913 qui
843 3830 1264 3891 sermunculis
1309 3831 1507 3890 etiam
1553 3828 1925 3912 fabellisque
1970 3831 2310 3893 ducantur.

779 3943 846 4008 G.
899 3948 1015 4008 34:
1105 3948 1209 4007 Ita
1252 3966 1366 4008 nec
1405 3952 1780 4025 praeceptor
1825 3946 2044 4007 deerat
2068 3994 2082 4008 .
2113 3994 2126 4007 .
2157 3994 2172 4007 .
2200 3994 2214 4008 .
2264 3967 2377 4009 nec
2421 3950 2646 4010 adver-

689 4064 850 4122 sarii
893 4068 954 4122 et
998 4061 1239 4122 aemuli
1281 4063 1492 4139 ferro,
1561 4081 1693 4121 non
1738 4062 2003 4123 rudibus
2047 4064 2468 4141 dimicantes;
2539 4066 2646 4125 sed

630 4215 634 4220 »
688 4179 1088 4239 auditorium
1132 4197 1379 4256 semper
1416 4177 1686 4256 plenum
1707 4222 1723 4251 ‚
1784 4197 2029 4256 semper
2072 4196 2310 4239 novum
2356 4201 2436 4241 ex
2480 4182 2646 4240 invi-

689 4295 788 4355 dis
856 4301 917 4355 et
983 4294 1346 4371 faventibus
1365 4338 1380 4369 ,
1448 4299 1522 4353 ut
1591 4313 1704 4372 nec
1746 4293 1897 4354 bene
1942 4295 2114 4384 dicta
2158 4295 2645 4358 dissimularen-
