3142 5167
1645 533 1727 593 26

700 738 1031 822 navigium
1096 739 1309 800 autem
1369 760 1659 803 eversum
1704 759 1922 802 rursus
1970 738 2133 823 erigi
2178 738 2410 823 possit,
2455 753 2660 801 merso

701 851 1144 936 corrigendum
1190 873 1437 931 censeo,
1487 853 1654 938 quod
1698 854 1924 918 melius
1969 854 2094 918 loci
2139 854 2493 918 sententiae
2532 875 2662 918 res-

698 968 971 1051 pondere
1018 968 1284 1034 videtur.

783 1081 904 1168 Ep.
980 1085 1140 1163 102,
1212 1088 1330 1150 23:
1435 1089 1583 1150 Alia
1649 1093 1819 1169 oriqo
1886 1110 1999 1151 nos
2049 1096 2420 1170 eat-spectat,
2494 1093 2661 1153 alius

698 1221 919 1263 rerum
979 1195 1211 1265 statue.
1269 1239 1351 1250 —
1399 1201 1523 1267 Pro
1570 1203 1788 1287 inepto
1833 1208 2005 1286 oriqo
2052 1209 2222 1286 reqio
2268 1202 2662 1267 substituen-

698 1312 848 1377 dum
893 1316 1006 1378 est.
1102 1314 1195 1379 Of.
1242 1315 1363 1401 Ep.
1418 1318 1579 1396 108,
1652 1318 1769 1383 2οε
1815 1339 1947 1380 non
1991 1321 2194 1381 eredis
2240 1320 2405 1381 nihil
2446 1323 2660 1400 perire

698 1436 771 1494 in
814 1435 926 1495 hoc
970 1437 1247 1511 munde,
1295 1439 1403 1526 sed
1447 1444 1705 1498 mutare
1748 1438 2116 1517 reqionem?

784 1548 902 1631 Ep.
958 1550 1116 1626 104,
1190 1551 1305 1613 16:
1402 1553 1729 1627 Quamdiu
1799 1555 2054 1633 quidem
2101 1556 2433 1630 nescieris,
2502 1557 2657 1635 quid

695 1670 1114 1748 fuyiendum,
1162 1673 1316 1749 quid
1353 1673 1736 1750 petendum,
1792 1673 1947 1751 quid
1991 1674 2455 1747 necessarium,
2502 1676 2657 1752 quid

696 1803 1196 1864 supervacuum,
1247 1786 1404 1865 quid
1450 1764 1729 1863 iustum,
1778 1789 1933 1866 quid
1977 1787 2313 1846 honestum
2360 1790 2476 1862 sit,
2524 1808 2654 1848 non

697 1906 819 1964 erit
862 1905 973 1964 hoe
1010 1906 1444 1983 pereqrinari,
1493 1904 1602 1964 sed
1646 1912 1882 1965 errare.
1935 1940 2017 1950 —
2065 1901 2454 1987 Quicumque
2499 1903 2654 1967 haec

697 2016 886 2081 verba
938 2017 1126 2101 paulo
1171 2018 1525 2082 accuratius
1570 2018 1802 2103 legerit
1845 2040 1975 2084 non
2021 2019 2338 2085 dubitabit
2382 2020 2653 2085 scribere

696 2142 1016 2201 iniustum
1059 2157 1173 2219 pro
1216 2139 1569 2200 honestum.

783 2223 903 2334 ΕΡ.
958 2250 1081 2313 110
1102 2297 1117 2327 ,
1167 2249 1241 2312 5:
1335 2253 1534 2313 Nemo
1580 2272 1776 2313 ausus
1822 2263 1913 2314 est
1958 2255 2044 2314 ad
2089 2256 2189 2330 id,
2238 2274 2357 2334 quo
2397 2262 2655 2334 pertur-

697 2367 997 2440 babatur,
1061 2368 1351 2427 accedere
1397 2374 1457 2428 et
1501 2374 1817 2430 naturam
1861 2388 1936 2430 ae
1980 2371 2215 2432 bonum
2261 2373 2510 2431 timoris
2555 2374 2657 2433 sui

696 2503 892 2544 nosse.
945 2518 1022 2540 -.-
1073 2478 1195 2544 Pro
1241 2484 1501 2558 bonum,
1549 2481 1714 2565 quod
1760 2482 1913 2545 satis
1961 2484 2177 2568 inepte
2223 2485 2282 2547 h.
2311 2483 2353 2548 1.
2386 2484 2655 2571 legitur,

698 2603 904 2664 locum
951 2597 1354 2663 scribendum
1399 2598 1668 2663 videtur.

784 2718 904 2802 ΕΡ.
959 2719 1119 2795 113,
1181 2717 1252 2780 111
1297 2737 1421 2801 qua
1465 2716 2048 2801 disputatiunculae
2094 2718 2317 2782 inanes
2365 2719 2658 2783 inutiles-

696 2857 817 2921 que
858 2832 1213 2899 Stoicorum
1257 2833 1626 2898 deridentur
1643 2882 1658 2912 ,
1720 2835 1755 2919 §
1804 2835 1881 2914 21
1934 2833 2088 2898 haec
2133 2833 2471 2919 leguntur:
2530 2839 2655 2918 qu
2753 2905 2756 2907 ,

694 2955 1078 3016 mehercules
1146 2954 1412 3046 titillare
1477 2974 1609 3014 non
1675 2954 1970 3013 desinam
2039 2959 2099 3013 et
2144 2953 2323 3014 ludos
2367 2956 2531 3015 mihi
2576 2975 2654 3015 ea:

693 3074 832 3132 istis
907 3071 1234 3132 subtilibus
1311 3073 1572 3149 ineptiis
1642 3072 1872 3148 facere.
1955 3103 2042 3114 —-
2124 3070 2412 3130 Titillare
2481 3067 2541 3130 h.
2612 3068 2652 3131 l.

691 3186 846 3249 satis
890 3185 1159 3250 absurda
1225 3206 1346 3249 vox
1413 3187 1528 3248 est.
1621 3182 1917 3268 Suspicor
1977 3189 2271 3248 cavillari
2314 3185 2654 3270 legendum

690 3323 863 3378 esse,
902 3323 1024 3385 quo
1069 3300 1369 3365 vocabulo
1417 3300 1666 3384 saepius
1706 3301 1776 3363 in
1822 3300 2019 3364 simili
2044 3322 2111 3364 re
2136 3298 2437 3366 Senecam
2469 3323 2653 3365 usum

690 3438 823 3480 esse
869 3418 1135 3480 constat.
1188 3414 1281 3478 Of.
1337 3417 1500 3493 117,
1551 3416 1668 3491 253
1721 3416 1884 3492 108,
1946 3418 2038 3479 [2.

774 3532 893 3617 ΕΡ.
970 3534 1130 3609 114,
1196 3534 1271 3595 9:
1363 3535 1606 3620 Deinde
1651 3538 1723 3595 in
1768 3538 1940 3614 ipsas
1988 3538 2202 3598 domos
2248 3541 2651 3617 impenditur

686 3670 880 3725 cura,
948 3658 1024 3711 ut
1090 3654 1161 3712 in
1229 3652 1596 3716 laxitatem.
1630 3654 1805 3712 ruris
1851 3659 2220 3714 excurrant.
2276 3690 2357 3698 —
2404 3651 2649 3738 Legen-

686 3763 836 3827 dum
882 3784 1017 3827 esse
1062 3767 1237 3827 urbis
1282 3766 1348 3827 et
1393 3785 1547 3827 sana
1591 3784 1772 3827 mens
1819 3763 2004 3829 docet
2048 3768 2114 3828 et
2158 3766 2331 3831 locus
2378 3767 2448 3831 in
2485 3767 2647 3832 libro

685 3878 816 3944 VH
859 3881 935 3945 de
981 3880 1315 3946 Beneficiis
1334 3930 1348 3959 ,
1415 3882 1529 3958 10,
1580 3882 1661 3944 5.-
1752 3885 2060 3964 Aedifi'eia
2098 3889 2363 3965 privata
2408 3888 2646 3949 laoeita-

683 4009 812 4063 tem
857 4003 1117 4063 urbium
1161 4021 1551 4081 maynarum
1599 4004 1940 4064 vincentia.

769 4116 888 4201 ΕΡ.
967 4119 1128 4194 122,
1204 4118 1316 4181 18:
1415 4120 1733 4193 Quomodo
1766 4119 1979 4206 ,culta
2043 4139 2106 4180 se
2166 4139 2208 4184 a
2253 4123 2471 4182 ceteris
2516 4123 2643 4182 dis-

683 4238 1022 4315 tinguunt,
1093 4237 1398 4316 quomodo
1466 4236 1782 4315 eleqantia
1850 4255 2227 4313 coenarum,
2299 4239 2642 4304 munditiis
