3142 5167
1572 417 1858 554 u,

565 652 579 664 ⁹
682 679 972 750 tempora
1014 667 1077 731 h.
1125 667 1168 731 l.
1217 669 1292 733 ut
1341 668 1592 751 saepius
1639 667 1794 732 alibi
1835 668 1967 732 fere
2015 657 2184 731 idem
2228 666 2438 731 valere
2476 667 2643 751 quod

684 784 1098 848 calamitasses.

769 898 838 963 O.
912 901 987 976 9,
1060 899 1135 960 5:
1228 901 1786 961 Praetereundum
1844 920 1977 962 non
2022 907 2115 961 est
2156 901 2334 960 haud
2380 899 2646 978 iynobile

679 1021 1074 1098 facetiarum
1141 1037 1358 1097 qenus.
1455 1018 1628 1078 Nam
1673 1037 1823 1078 cum
1867 1038 2017 1097 qrex
2063 1018 2413 1078 Persarum
2461 1019 2643 1095 quasi

681 1139 1083 1215 captivorum
1122 1156 1242 1215 per
1280 1155 1591 1215 pompam
1611 1182 1625 1195 .
1652 1182 1667 1196 .
1690 1182 1704 1194 .
1753 1137 2126 1210 duceretur,
2175 1137 2438 1215 quidam
2466 1156 2641 1197 scur-

679 1273 793 1315 rae
857 1255 1257 1314 miscuerunt
1317 1273 1381 1312 se
1440 1253 1654 1313 Persis
1672 1296 1688 1328 ‚
1758 1252 2241 1331 diliqentissime
2285 1259 2640 1314 scrutantes

679 1372 900 1432 omnia
968 1376 1155 1449 atque
1215 1370 1720 1447 uniuscuiusque
1764 1369 2018 1429 vultum
2064 1372 2239 1430 mira
2283 1372 2641 1431 inhiatione

677 1490 1009 1550 mirantes.
1058 1505 1100 1547 a
1145 1486 1366 1564 quibus
1411 1504 1556 1545 cum
1587 1491 2039 1564 quaereretur,
2086 1487 2396 1565 quidnam
2426 1492 2641 1565 aqeret

677 1605 792 1665 illa
860 1602 1117 1664 solertia
1135 1646 1151 1678 ‚
1219 1602 1317 1662 illi
1383 1603 1869 1681 responderunt.
1971 1603 2276 1664 »Patrem
2321 1605 2639 1682 principis

673 1715 1101 1800 quaerimus.”
1151 1754 1232 1764 -
1278 1715 1738 1800 Corrigendum
1805 1719 1933 1781 esis:
2000 1722 2314 1799 quidnam
2379 1725 2640 1799 a9erent
2725 1779 2732 1785 .

677 1839 792 1902 illa
857 1838 1217 1899 insolentia.
1311 1832 1573 1898 Etenim
1636 1833 1946 1917 principis
2014 1836 2195 1918 pater
2262 1834 2549 1917 captivus
2600 1855 2637 1897 a

675 1948 888 2018 Persis
958 1949 1371 2014 retinebatur.
1464 1947 1819 2014 Insolentes
1872 1951 2088 2014 autem
2131 1950 2307 2013 fuere
2352 1971 2603 2014 scurrae
2621 1997 2636 2028 ,

676 2067 789 2150 qui
833 2063 1125 2129 Gallieno
1169 2065 1624 2149 exprobrarent
1639 2111 1654 2142 ,
1703 2085 1849 2129 eum
1894 2066 2094 2150 patris
2140 2064 2638 2149 redemptionem

676 2180 780 2248 vel
824 2179 1134 2248 ultionem
1179 2179 1374 2263 impie
1416 2179 1767 2263 negligere.

1452 2416 1842 2424 ——-————-——

1023 2581 1317 2645 TREBELLH
1356 2582 1666 2644 ΡΟΙ.Ι.ΙΟΝ18
1702 2581 1957 2645 ΤΥΒΑΝΝΙ
1994 2579 2296 2669 ΤΒΙΕῙῌΤΑ.

765 2758 834 2824 O.
908 2761 946 2824 6
967 2807 982 2838 ‚
1055 2763 1131 2823 32
1230 2762 1404 2823 Tunc
1471 2763 1807 2839 interfecto
1829 2727 2074 2834 ”eiiam
2140 2763 2428 2824 Lolliano
2473 2763 2639 2823 solus

688 2882 1044 2944 Victorinus
1112 2881 1184 2940 in
1252 2881 1521 2957 imperio
1568 2863 1922 2980 remangitss
1937 2882 2092 2958 :qui
2136 2884 2197 2940 et
2242 2882 2376 2957 ipse
2392 2925 2407 2954 ‚
2475 2880 2642 2958 quod

675 2998 1111 3056 matrimoniis
1187 2995 1476 3055 militum
1553 3001 1615 3055 et
1690 2995 2085 3055 militarium
2160 2997 2639 3074 corrumpendis

648 3132 937 3212 2operam
1006 3113 1191 3173 daret
1208 3156 1224 3188 ‚
1294 3132 1337 3172 a
1404 3114 1681 3191 quodam
1729 3097 2025 3173 aetud‘rio
2045 3159 2061 3188 ,
2129 3116 2312 3174 cuius
2371 3133 2639 3180 uxorem.

616 3199 661 3248 ι’
674 3236 1082 3310 stupraverat
1099 3276 1260 3291 .....
1313 3249 1648 3309 percussus
1694 3227 1866 3312 [esi]
1920 3266 2003 3276 —
2048 3226 2279 3312 Inepta
2323 3249 2445 3294 vox
2490 3230 2550 3292 h.
2592 3228 2635 3292 l.
2673 3255 2696 3262 ⁸

674 3349 771 3413 est
838 3350 1248 3410 militarium.
1342 3344 1465 3409 Vv.
1526 3346 1767 3409 milites
1813 3348 1988 3409 enim
2032 3348 2098 3409 et
2141 3347 2450 3410 miliiares
2495 3368 2637 3431 pro-

672 3465 912 3529 miseue
959 3484 1206 3548 semper
1249 3484 1287 3525 a
1330 3460 1589 3546 Scriptt.
1640 3463 1809 3527 Hist.
1860 3461 2028 3549 Aug.
2080 3468 2499 3550 usurpantur,
2547 3466 2638 3527 ita

672 3584 746 3646 ut
789 3580 954 3664 nihi}
1000 3579 1343 3665 quidquam
1390 3579 1561 3642 infler
1592 3581 1932 3663 utrumque
1962 3581 2234 3645 intersit.
2286 3580 2452 3645 Vide
2483 3556 2666 3645 num.

675 3673 1120 3783 corrigendum
1167 3696 1253 3759 sit
1299 3698 1760 3776 familiarium.

760 3810 829 3876 O.
905 3814 944 3876 8
967 3858 984 3889 ‚
1055 3812 1133 3876 6:
1225 3807 1526 3906 [Marius]
1573 3814 1807 3874 occisus
1853 3818 1946 3874 est
1991 3833 2034 3873 a
2079 3815 2352 3892 quodam
2397 3815 2636 3887 milite,

672 3934 813 4011 qui,
884 3949 1033 3989 eum
1100 3931 1238 3990 eius
1307 3931 1632 4007 quondam
1679 3933 1750 3991 in
1795 3932 2020 4009 fabrili
2064 3933 2331 4011 officina
2375 3919 2639 4009 fuisset,

672 4050 1064 4123 contemptus
1132 4049 1225 4105 est
1291 4044 1368 4104 ab
1437 4046 1670 4105 eodem.
1724 4078 1802 4089 -—
1853 4040 2021 4107 Saiis
2095 4045 2497 4128 perspicuum
2542 4045 2640 4108 est

670 4165 808 4224 eius
876 4158 1283 4243 depravatum
1349 4178 1484 4222 esse
1553 4179 1633 4221 ex
1700 4159 1900 4223 socius
1947 4160 2086 4226 coll.
2136 4162 2172 4245 ὅ
2224 4165 2296 4225 1:
2391 4163 2639 4225 Marius

673 4296 747 4338 eae
791 4276 1002 4358 fabro,
1047 4281 1123 4336 ut
1167 4272 1440 4364 dieitur,
1484 4274 1770 4356 ferrario
1816 4283 1955 4338 cett.
