3142 5167
1716 546 1796 605 14

766 753 919 812 deus
976 751 1274 829 producit
1321 752 1599 829 inqenia.
1655 786 1736 795 —
1784 748 2046 813 Rectius
2092 750 2164 814 ni
2208 750 2391 815 faHor
2436 757 2723 833 ingenita

670 921 675 924 Α
766 865 1018 929 scribes

855 980 922 1045 G.
990 984 1110 1061 21,
1186 984 1261 1045 6:
1326 981 1531 1068 [Bona
1599 984 1921 1068 voluntas]
1961 989 2217 1067 prodest
2263 994 2322 1048 et
2368 991 2439 1049 in
2485 989 2689 1049 eculeo
2708 1032 2723 1063 ‚

757 1102 1015 1179 prodest
1066 1107 1126 1162 et
1171 1105 1244 1162 in
1291 1105 1435 1182 i9ne
1454 1148 1469 1178 ‚
1516 1105 1625 1182 qui
1671 1106 1726 1163 si
1772 1104 2040 1183 sinqulis
2069 1104 2368 1165 membris
2390 1106 2724 1165 admovea-

765 1225 875 1278 tur
920 1225 979 1279 et
1020 1220 1348 1297 paulatim
1394 1222 1614 1279 vivum
1660 1238 1885 1297 corpus
1916 1222 2292 1295 circumeat,
2339 1221 2482 1281 lieet
2511 1224 2724 1300 ipsum

765 1351 868 1392 cor
907 1333 1176 1410 plenum.
1221 1334 1382 1393 bona
1427 1336 1812 1394 conscientia
1858 1333 2079 1394 stillet:
2121 1334 2393 1413 plaeebit
2431 1335 2528 1397 illi
2564 1334 2724 1414 iynis

757 1471 876 1530 per
920 1471 1104 1530 quem
1150 1452 1311 1513 bona
1336 1453 1511 1531 fides
1556 1449 1913 1513 conlucebit.
1944 1486 2028 1496 —
2052 1446 2200 1513 Non
2245 1448 2551 1534 intellego
2573 1450 2726 1533 quid

762 1568 849 1630 sit
915 1588 1019 1631 cor
1079 1567 1348 1631 stillans,
1437 1565 1983 1644 Subaudiendum‚
2054 1566 2266 1649 inquit
2285 1614 2299 1643 ‚
2368 1568 2760 1648 sanquine31

762 1689 828 1749 at
896 1687 1059 1750 scire
1119 1688 1343 1771 cupio,
1412 1689 1522 1771 qui
1589 1688 1728 1750 fieri
1794 1686 2022 1770 possit,
2092 1688 2166 1748 ut
2228 1706 2332 1748 cor
2377 1686 2723 1749 humanum

762 1803 912 1886 igne
973 1804 1223 1869 admoto
1270 1806 1581 1890 sanguine
1629 1804 1847 1867 stillet.
1944 1801 2012 1867 Si
2058 1824 2201 1867 cum
2246 1801 2566 1866 Fickertio
2610 1822 2723 1885 pro

761 1942 865 1983 cor
908 1921 1359 1986 nonnullorum
1404 1920 1579 1985 codd.
1608 1920 1948 1985 lectionem
1976 1940 2199 2003 eorpus
2223 1918 2482 2001 recipis,
2527 1916 2723 1994 nihil,

761 2040 1017 2123 opinor,
1086 2039 1392 2123 proficies.
1487 2036 1608 2102 Sed
1652 2041 1890 2102 rectam
1936 2037 2193 2101 omnino
2238 2038 2303 2099 et
2348 2056 2566 2098 sanam
2612 2035 2724 2098 ha-

760 2156 937 2220 bebis
1006 2157 1389 2220 sententiam
1452 2156 1508 2218 si
1574 2177 1823 2218 mecum
1868 2175 1980 2238 pro
2027 2156 2222 2217 stillet
2266 2154 2480 2215 ustilet
2527 2151 2722 2234 scrip-

761 2271 935 2334 seris.

851 2386 918 2451 G.
994 2390 1111 2465 28,
1188 2391 1260 2450 1:
1360 2390 1482 2448 »Di
1550 2408 1816 2467 quoque,
1889 2385 2125 2465 inquit,
2195 2387 2404 2446 multa
2449 2384 2721 2465 inqratis

761 2505 1114 2569 tribuunt.''
1224 2506 1345 2567 Sed
1415 2503 1528 2565 illa
1597 2504 1775 2565 bonis
1837 2477 2275 2582 =paraverunt:
2344 2501 2722 2580 continqunt

760 2623 958 2684 etiam
1006 2620 1221 2697 malis,
1257 2620 1432 2700 ⁴quia
1477 2618 1771 2698 separari
1815 2639 1946 2680 non
1985 2625 2270 2698 possunt.
2366 2618 2585 2679 Satius
2632 2624 2722 2677 est

758 2749 977 2801 autem
1042 2741 1366 2819 prodesse
1412 2738 1611 2799 etlam
1692 2737 1881 2798 malis
1945 2745 2208 2816 propter
2276 2738 2461 2797 bonos
2530 2755 2719 2814 quam

758 2839 935 2919 bonis
1003 2860 1210 2918 deesse
1272 2863 1534 2936 propter
1602 2856 1821 2915 malos
1916 2856 2018 2914 Ita
2063 2874 2222 2932 quae
2266 2855 2468 2931 refers
2512 2852 2717 2927 diem,

757 2975 947 3035 solem
969 3020 983 3049 ‚
1068 2972 1298 3034 hiemis
1383 2970 1764 3049 aestatisque
1839 2989 2062 3030 cursus
2146 2975 2206 3028 et
2272 2967 2488 3028 media
2555 2969 2718 3028 veris

756 3091 1183 3170 autumnique
1251 3095 1761 3168 temperamenta
1830 3132 2021 3146 .....
2088 3105 2209 3163 pro
2253 3084 2570 3146 universis
2616 3084 2718 3145 in-

755 3219 1088 3272 venerunt.
1117 3243 1203 3253 —-
1226 3203 1593 3288 Respondet
1638 3203 1698 3266 h.
1751 3202 1791 3264 1.
1844 3202 2112 3286 scriptor
2160 3201 2266 3279 iis,
2313 3222 2472 3285 quae
2519 3201 2717 3264 inter-

756 3327 1101 3393 locutorem
1148 3345 1332 3387 suum
1379 3321 1758 3385 obicientem
1803 3319 1958 3383 facit
2004 3321 2118 3396 26,
2171 3322 2235 3382 1:
2290 3321 2401 3382 »St
2445 3299 2589 3381 deos
2611 3368 2624 3380 .
2656 3366 2712 3380 ..

754 3442 1070 3518 imitari8‚
1135 3444 1221 3502 da
1268 3447 1328 3500 et
1373 3438 1651 3518 inqratis
1697 3437 2031 3517 beneficia:
2093 3457 2250 3498 nam
2297 3446 2357 3498 et
2402 3436 2715 3499 sceleratis

755 3564 842 3624 sol
913 3561 1154 3635 oritur,
1226 3565 1286 3618 et
1349 3556 1586 3636 piratis
1652 3562 1877 3635 patent
1922 3554 2199 3616 marla.’'
2292 3553 2371 3617 In
2417 3555 2533 3617 hoc
2580 3555 2714 3637 ipso

753 3697 1052 3761 responso
1119 3674 1334 3736 autem
1381 3693 1438 3733 v.
1490 3674 1681 3733 solem
1727 3669 2027 3733 vitiosum
2073 3670 2383 3734 existimo.
2480 3667 2717 3732 Seneca

754 3794 891 3857 sine
937 3789 1127 3854 dubio
1173 3797 1420 3851 noctem
1467 3787 1744 3870 scripsit.

843 3907 909 3971 O.
963 3910 1077 3985 29,
1132 3907 1200 3968 l:
1256 3907 1478 3986 »Er-90,
1528 3905 1764 3984 inquit,
1810 3925 1924 3965 nec
1970 3904 2309 3966 consilium
2341 3904 2719 3967 deliberanti

753 4033 931 4094 dabis
1006 4031 1261 4109 inqrato
1336 4046 1449 4086 nec
1516 4043 1752 4102 aquam
1822 4022 2089 4083 haurire
2149 4023 2532 4101 permittes?
2602 4042 2716 4083 nec

752 4150 929 4212 viam
998 4144 1250 4209 erranti
1311 4140 1693 4203 ‘monstrabis
1752 4140 2049 4219 inm-ato?
2094 4137 2223 4200 an''
2271 4147 2408 4201 cett.
2459 4176 2545 4185 —
2592 4138 2715 4214 Qui

755 4265 855 4330 vel
923 4260 1114 4327 semel
1174 4260 1328 4322 haec
1394 4255 1661 4339 legerit,
1731 4274 1979 4316 mecum
2026 4254 2194 4316 certe
2239 4253 2457 4331 faciet,
2520 4276 2715 4338 quum

753 4387 896 4469 post
940 4385 1206 4445 haurire
1250 4375 1496 4439 sitienti
1541 4371 1847 4435 excidisse
1895 4370 2219 4434 contendo
