3142 5167
1638 499 1720 558 24

702 708 889 773 facile
933 707 1144 791 quivis
1190 705 1314 770 sibi
1357 705 1556 769 lector
1602 704 2034 789 persuadebit,
2080 705 2209 769 nisi
2235 705 2349 788 qui
2368 706 2630 770 fortuita
2646 755 2661 784 ‚

705 825 745 887 i.
795 845 849 886 e.
898 823 1060 887 forte
1105 824 1172 885 et
1216 843 1363 885 casu
1414 821 1770 912 uecidentia
1786 869 1801 898 ‚
1850 822 2015 885 sumi
2061 842 2242 905 posse
2289 821 2628 885 existimet.

796 941 915 1024 Ep.
990 942 1112 1016 68,
1189 941 1306 1002 14:
1415 943 1558 1001 Non
1625 949 1717 1001 est
1785 948 2035 1017 tamen,
2109 943 2273 1020 quod
2339 939 2661 1002 existimes

701 1062 905 1121 ullam
971 1066 1248 1120 aetatem
1315 1058 1630 1141 aptiorem
1699 1078 1829 1119 esse
1893 1059 1980 1118 ad
2046 1059 2276 1117 bonam
2343 1064 2654 1135 mentem,

702 1197 889 1257 quam
921 1221 1199 1237 .......
1250 1194 1410 1254 quae
1453 1176 1538 1234 ad
1585 1174 1905 1234 salutaria
1950 1165 2266 1252 mitiyatis
2311 1174 2662 1252 adfectibus

702 1291 875 1353 venit
901 1338 1093 1352 .....
1170 1289 1463 1368 Quisquis
1532 1309 1724 1351 senex
1769 1291 1854 1349 ad
1902 1288 2293 1369 sapientiam
2337 1289 2660 1369 pervenit,

701 1406 896 1468 annis
934 1404 1246 1488 pervenit.
1283 1440 1369 1450 —-
1394 1399 1518 1465 Pro
1564 1400 1806 1464 insulso
1851 1403 1916 1463 et
1959 1400 2192 1484 frigido
2239 1401 2434 1463 annis
2463 1422 2662 1464 sanus

698 1517 1212 1584 substituendum
1257 1538 1391 1580 esse
1439 1535 1679 1579 censeO.

786 1638 906 1721 Ep.
957 1638 1075 1714 69,
1125 1640 1200 1698 4:
1297 1637 1430 1700 Ceto
1500 1637 1756 1696 rebellat
1811 1637 2120 1714 adfectus.
2170 1609 2555 1715 quocumque
2599 1656 2663 1696 se

699 1757 996 1828 verterit,
1053 1751 1339 1832 pretium
1386 1751 1642 1833 aliquod
1681 1772 1988 1830 praesens
2034 1752 2463 1834 occupationis
2509 1773 2663 1814 suae

698 1868 1025 1950 adspiciet.
1080 1900 1160 1914 -—
1210 1863 1364 1929 Voe.
1423 1867 1854 1948 occupationis
1922 1865 2076 1948 quid
2135 1865 2194 1927 h.
2244 1864 2286 1928 l.
2337 1865 2460 1929 sibi
2505 1864 2661 1930 velit

697 2003 827 2048 non
873 1982 1028 2045 satis
1074 2002 1175 2044 me
1223 1978 1599 2063 intellegere
1645 1981 1962 2044 confiteor.
2061 1982 2356 2043 Pretium
2401 2001 2663 2064 occupa-

697 2102 890 2164 tionis
936 2122 1090 2162 suae
1135 2098 1298 2161 nihil
1344 2097 1517 2161 aliud
1564 2098 1925 2182 significare
1949 2099 2187 2181 potest,
2235 2098 2363 2161 nisi
2384 2099 2662 2181 pretium

696 2217 862 2302 quod
928 2217 1189 2280 affectus
1257 2215 1560 2299 accipiet,
1632 2216 1687 2277 si
1756 2236 1821 2278 se
1890 2215 2184 2298 occupari
2250 2236 2472 2297 passus
2519 2216 2660 2280 erit.

697 2332 876 2409 Quod
920 2332 1073 2416 quid
1117 2332 1203 2395 sit
1246 2331 1476 2395 neseio,
1550 2327 1642 2393 At
1673 2330 2005 2416 intellego,
2055 2332 2353 2396 affectum
2384 2336 2666 2417 pretium

697 2446 1052 2530 adspicere,
1121 2447 1177 2509 si
1245 2468 1310 2510 se
1375 2446 1513 2530 ipsa
1567 2447 1887 2531 eorrumpi
1955 2469 2176 2530 passus
2240 2450 2366 2513 erit
2412 2450 2453 2513 i.
2505 2472 2557 2514 e.
2610 2451 2666 2514 si

698 2563 991 2629 seductus
1041 2563 1165 2627 erit
1210 2564 1289 2627 ad
1314 2585 1582 2648 pravum
1612 2563 1856 2647 aliquid
1887 2566 2414 2632 committendum
2433 2614 2448 2644 ,
2494 2571 2666 2651 post-

697 2706 886 2768 quam
953 2681 1145 2746 semel
1214 2682 1293 2745 ad
1336 2683 1567 2746 bonam
1611 2683 1784 2768 frugi
1830 2706 1895 2747 se
1943 2686 2219 2768 recepit3
2290 2709 2440 2750 nam
2485 2708 2665 2771 prae-

698 2799 919 2864 sertim
984 2798 1280 2862 doeemur
1343 2820 1490 2861 eum
1538 2798 1664 2862 cito
1709 2798 2013 2862 rebellare
2062 2800 2277 2864 solere.
2373 2799 2664 2865 Scriben-

696 2916 848 2981 dum
894 2937 1045 3000 ergo
1089 2915 1214 2978 erit
1254 2921 1525 2998 pretium
1574 2918 2000 2998 corruptionis
2048 2938 2219 2979 suae.

785 3031 905 3114 Ep.
983 3031 1101 3108 72,
1180 3031 1254 3092 l:
1350 3033 1513 3111 Erqo
1576 3033 1687 3094 hoc
1734 3033 1805 3092 in
1847 3036 2215 3114 praesentia
2260 3033 2660 3113 differamus

697 3153 979 3212 multum
1058 3152 1232 3211 enim
1308 3169 1566 3229 operae,
1651 3152 1932 3210 multum
2000 3151 2377 3231 diliqentiae
2450 3155 2661 3233 poscit.

698 3287 830 3329 cum
881 3266 1156 3349 primum
1216 3264 1552 3343 lonqiorem
1602 3268 1805 3327 eodem
1852 3268 1978 3328 loco
2025 3287 2356 3348 speravero
2403 3288 2663 3345 moram,

697 3388 852 3442 tunc
920 3381 1091 3442 istud
1156 3379 1226 3440 in
1296 3400 1522 3441 manus
1568 3400 1821 3441 sumam.
1874 3417 1957 3425 --
2006 3376 2246 3444 Seneca
2292 3382 2430 3444 sine
2476 3381 2666 3446 dubio

697 3517 826 3561 non
872 3517 1227 3579 speravero,
1285 3495 1395 3558 sed
1433 3517 1750 3579 paravero
1799 3496 2074 3578 scripsit.

675 3643 679 3648 ·
784 3613 901 3696 Ep.
980 3613 1096 3689 74,
1168 3611 1287 3674 28:
1386 3613 1527 3674 Non
1598 3620 1806 3674 tamen
1862 3614 2064 3675 minor
2111 3613 2372 3698 [virtus]
2419 3625 2540 3691 est,
2610 3617 2666 3677 si

698 3752 772 3793 ex
840 3729 1066 3791 altiore
1132 3726 1389 3808 fastiqio
1436 3728 1510 3790 in
1547 3727 1908 3809 privatum,
1983 3748 2059 3789 ecc
2103 3727 2274 3809 reqio
2320 3730 2391 3790 in
2435 3729 2666 3791 humile

699 3846 1103 3921 subducitur,
1177 3865 1250 3906 ea:
1313 3833 1559 3925 publico
1607 3851 1667 3904 et
1714 3843 1985 3925 spatioso
2033 3843 2174 3906 iure
2220 3844 2290 3906 in
2335 3845 2665 3926 anqustias

698 3969 912 4028 domus
981 3966 1093 4028 vel,
1131 3964 1358 4044 anyuli
1424 3962 1563 4025 coit.
1621 3998 1699 4008 —-
1750 3959 2105 4025 Verborum
2150 3961 2368 4025 ordine
2412 3962 2666 4026 turbato

699 4080 1013 4144 ehiasmus
1080 4079 1139 4141 h.
1190 4077 1231 4140 1.
1306 4076 1629 4140 interiisse
1698 4076 1966 4139 videtur.
2060 4072 2287 4138 Altum
2332 4076 2665 4160 fastigium

700 4197 873 4260 enim
941 4198 1007 4259 et
1074 4194 1394 4278 privatum
1438 4214 1568 4257 non
1614 4194 1850 4257 rectius
1897 4193 2066 4256 inter
2112 4213 2177 4255 se
2224 4195 2665 4275 opponuntur,
