3142 5167
1649 532 1732 591 34

708 734 883 811 Quod
931 735 1251 800 Iacobsius
1298 736 1598 820 proponit
1650 739 1884 799 lenitus
1931 737 2042 799 aut
2085 742 2483 816 pertentatus
2527 753 2667 816 pro-

706 850 853 914 bare
896 871 1137 934 nequeo
1157 899 1172 928 ‚
1236 873 1430 935 quum
1479 874 1516 915 a
1563 850 1754 915 Codd.
1806 851 2181 915 auctoritate
2224 849 2479 934 longius
2525 871 2668 913 eum

706 962 1025 1031 discedere
1072 969 1451 1032 existimem.
1526 967 1692 1032 Mihi
1733 972 1964 1051 plenus
2009 990 2086 1032 ex
2132 972 2337 1050 flexus
2382 966 2669 1031 librario-

705 1106 848 1148 rum
909 1085 1094 1169 culpa
1146 1065 1566 1170 ¹depravatum
1614 1106 1748 1149 esse
1795 1084 2183 1170 probabilius
2228 1083 2497 1148 videtur.
2569 1082 2663 1147 Of.

707 1223 757 1266 c.
815 1203 938 1266 107
958 1224 973 1265 :
1020 1208 1291 1285 flectite.
1320 1242 1334 1266 a
1365 1252 1379 1266 .
1432 1213 1676 1267 mentes
1723 1208 2161 1283 satisfactione
2205 1204 2452 1265 lenitas.

795 1317 863 1382 C.
919 1320 1078 1383 127:
1133 1323 1317 1384 Dixit
1361 1324 1514 1383 haec
1564 1322 1771 1398 Circe,
1820 1323 2328 1402 implicitumque
2373 1340 2474 1381 me
2518 1322 2662 1381 bra-

704 1440 861 1498 chiis
938 1439 1322 1499 mollioribus
1384 1439 1615 1518 pluma
1688 1440 1957 1499 deduxit
2030 1440 2100 1497 in
2171 1443 2414 1497 terram
2480 1439 2658 1496 vario

701 1556 995 1632 qramine
1063 1555 1384 1620 indutam.
1430 1586 1517 1599 —
1564 1549 1833 1615 Varium
1903 1571 2165 1636 gramen
2232 1549 2413 1633 quale
2465 1550 2659 1613 fuerit

701 1689 831 1732 non
876 1669 1031 1731 satis
1077 1691 1297 1754 capere
1342 1690 1443 1733 me
1475 1670 1794 1734 confiteor.
1864 1666 2190 1732 Nimirum
2223 1672 2415 1730 viridi
2445 1687 2658 1733 emen-

700 1783 978 1849 dandum
1022 1789 1136 1850 est.

793 1901 860 1965 O.
916 1904 1077 1966 128:
1173 1905 1363 1980 ,Quid
1431 1901 1537 1965 est'
1580 1906 1820 1983 inquit
1890 1906 2205 1984 ,nunquid
2273 1911 2333 1964 te
2376 1904 2660 1966 osculum

703 2045 922 2085 meum
997 2024 1312 2103 offendit?
1386 2023 1686 2101 nunquid
1754 2025 2018 2101 spiritus
2089 2025 2329 2083 ieiunio
2399 2024 2660 2083 macer?
2710 2073 2718 2079 .

655 2221 660 2228 θ
704 2142 1001 2220 nunquid
1033 2121 1325 2201 ‘alarum
1391 2141 1710 2218 neyliyens
1781 2142 2023 2202 sudor?
2086 2136 2286 2220 put0.'
2336 2175 2423 2186 -—
2468 2137 2661 2203 Varie

706 2254 1086 2321 coniecturis
1133 2254 1258 2318 viri
1302 2253 1471 2317 docti
1513 2255 1850 2317 tentarunt
1895 2275 2108 2317 macer
2118 2278 2143 2332 ,·
2217 2256 2281 2317 et
2343 2256 2479 2318 iure
2523 2255 2663 2339 qui-

707 2372 864 2435 dem.
957 2371 1118 2434 Eam
1192 2371 1364 2435 enim
1430 2393 1644 2434 macer
1713 2369 1904 2433 habet
1972 2373 2330 2450 notionem,
2401 2394 2560 2456 quae
2628 2396 2664 2436 a

708 2491 974 2569 spiritus
1041 2507 1293 2571 prorsus
1367 2486 1573 2550 aliena
1621 2488 1734 2550 est.
1831 2483 2115 2550 Verbum
2162 2490 2378 2572 aperte
2425 2488 2665 2552 deside-

706 2604 883 2666 ratur
928 2600 1092 2686 quod
1137 2606 1305 2665 male
1349 2606 1539 2681 olere,
1583 2613 1811 2684 putere
1857 2604 2044 2669 valet.
2141 2603 2540 2669 Wouwerius
2586 2606 2665 2670 ad

708 2716 1037 2783 Sidonium
1082 2729 1219 2782 acet
1263 2720 1532 2784 coniecit
1551 2769 1565 2798 ‚
1638 2732 1843 2786 macet
1889 2721 2235 2800 GruteruS,
2306 2733 2511 2787 macet
2555 2727 2665 2787 aut

707 2847 917 2900 mucet
981 2817 1305 2902 Heinsius.
1401 2836 1566 2901 Mihi
1633 2839 1798 2903 nihil
1866 2839 2091 2902 melius
2160 2841 2435 2904 occurrit
2478 2861 2665 2925 quam

707 2962 943 3017 rancet.
1051 2951 1471 3037 Participium
1549 2945 1819 3017 rancens
1888 2953 2127 3039 legitur
2197 2955 2364 3038 apud
2431 2955 2662 3020 Lucre·
2773 2975 2782 2986 ·

703 3072 867 3135 tium
913 3076 983 3149 3,
1035 3062 1193 3135 270:
1241 3075 1545 3135 cadavere
1591 3077 1913 3149 rancenti,
1965 3077 2101 3134 iam
2149 3077 2381 3134 viscere
2427 3094 2665 3137 vermes

704 3191 1060 3270 Exspirant
1104 3190 1169 3251 et
1213 3186 1380 3270 apud
1427 3184 1639 3250 Seren.
1692 3184 2006 3250 Sammon.
2061 3188 2178 3264 54,
2231 3188 2398 3251 978.-
2483 3192 2662 3252 Vetus

704 3318 763 3369 et
829 3328 1101 3370 rancens
1160 3309 1468 3385 axunyia.
1563 3302 1742 3379 Quod
1785 3307 2110 3387 praeterea
2155 3328 2471 3393 nusquam
2515 3327 2662 3370 ran-

703 3420 887 3485 cendi
953 3419 1215 3485 verbum
1283 3419 1557 3483 occurrit
1625 3441 1848 3502 parum
1918 3441 2082 3484 curo.
2190 3420 2392 3497 Quam
2458 3420 2664 3484 multa

701 3538 873 3601 enim
919 3536 1217 3604 vocabula
1249 3534 1410 3620 apud
1435 3533 1806 3604 Petronium
1833 3536 2172 3622 leguntur,
2222 3538 2450 3623 quibus
2473 3559 2659 3602 nemo

701 3655 861 3719 alius
931 3654 1199 3738 scriptor
1266 3675 1564 3737 umquam
1635 3674 1784 3716 usus
1856 3657 1971 3718 est.
2070 3655 2240 3731 Quae
2311 3657 2657 3739 sequuntur

699 3771 989 3852 corrupta
1034 3789 1278 3853 quoque
1326 3768 1638 3832 existimo.
1715 3765 2019 3833 Omnium
2065 3772 2339 3834 maxime
2384 3768 2655 3834 Antonii

698 3888 934 3952 arridet
980 3890 1334 3953 correctura
1380 3891 1676 3969 nunquid
1724 3890 1984 3952 alarum
2030 3894 2379 3972 ne9li9en8‚
2429 3877 2655 3953 su'dore

690 4013 882 4086 puteo
898 4008 931 4065 ff>
1411 3980 1416 3985 ⁸

784 4121 850 4186 C.
907 4124 1067 4187 136:
1137 4125 1394 4185 Recluoei
1439 4125 1641 4201 igitur
1685 4124 1962 4201 qradum
2004 4126 2426 4210 proiectaque
2449 4132 2645 4200 veste,

696 4250 1007 4327 tanquam
1091 4248 1489 4321 expectarem
1586 4246 1945 4300 morantem
1967 4285 1981 4313 ,
2072 4241 2144 4299 in
2221 4242 2407 4302 aditu
2481 4244 2643 4302 steti.

694 4359 1011 4420 collocavit
1077 4359 1192 4419 illa
1253 4359 1465 4436 iynem
1532 4357 1725 4416 cassis
1793 4356 2220 4416 arundinibus
2289 4358 2642 4432 collectum,
