3142 5167
1658 478 1738 543 80

715 678 790 739 ut
850 676 1144 742 Halmius
1190 680 1397 765 vidit).
1490 680 1779 746 Primum
1823 682 1995 747 enim
2039 682 2370 747 verborum
2414 686 2673 748 contex-

711 795 850 857 tum
910 797 976 857 et
1022 797 1564 863 continuationem
1611 799 1971 882 impediunt
1990 847 2004 876 ‚
2067 799 2123 861 si
2168 798 2423 882 quidem
2467 804 2638 862 hunc
2656 847 2671 877 ,

709 933 746 973 a
792 933 914 994 quo
959 915 1273 994 postrema
1317 916 1547 999 incipit
1594 915 1890 999 periodus
1910 964 1924 993 ‚
1985 915 2272 1000 quodque
2317 937 2488 979 nunc
2534 916 2671 978 iure

708 1027 1083 1109 reprehendi
1150 1031 1348 1112 possit
1368 1077 1383 1108 ‚
1453 1030 1584 1094 illis
1654 1032 1880 1102 deletis
1928 1031 2181 1094 demum
2228 1053 2373 1095 cum
2417 1052 2670 1114 praece·

707 1140 887 1204 denti
954 1166 1071 1207 reae
1133 1148 1280 1228 apte
1340 1145 1649 1211 cohaeret.
1744 1145 1990 1210 Deinde
2035 1168 2072 1209 a
2116 1147 2313 1210 totius
2358 1146 2481 1210 loci
2528 1168 2669 1211 sen-

705 1259 910 1323 tentia
975 1281 1227 1343 prorsus
1294 1262 1651 1327 abhorrent.
1749 1265 1907 1327 'Poto
1972 1264 2145 1328 enim
2191 1264 2325 1329 loco
2372 1265 2490 1328 hoc
2532 1264 2670 1348 agi-

702 1377 811 1440 tur
829 1424 844 1453 ‚
913 1379 986 1439 ut
1054 1377 1445 1443 Mithridatis
1514 1382 1581 1442 et
1629 1378 1883 1444 Medeae
1929 1379 2108 1444 dolus
2127 1428 2142 1458 ‚
2210 1380 2474 1445 minime
2519 1400 2668 1444 vero

704 1496 778 1556 ut
823 1493 1079 1557 Medeae
1123 1497 1356 1579 patris,
1405 1496 1609 1560 obiter
1654 1499 1909 1580 tantum
1956 1498 2454 1574 commemorati,
2497 1517 2668 1560 mae-

703 1628 807 1670 ror
875 1610 939 1670 et
1001 1608 1281 1671 militum
1325 1609 1755 1675 Romanorum
1799 1612 2045 1676 laetitia
2090 1613 2260 1676 inter
2305 1633 2371 1675 se
2418 1632 2666 1694 compa-

702 1721 925 1785 rentur
943 1769 957 1798 ,
1019 1742 1178 1806 quos
1222 1726 1547 1806 praeterea
1592 1748 1722 1791 non
1771 1726 2083 1790 laetitiam
2100 1774 2115 1804 ,
2178 1725 2287 1789 sed
2330 1726 2667 1789 avaritiam

703 1836 774 1899 in
817 1839 1246 1921 persequendo
1290 1841 1639 1905 tardavisse
1691 1842 2082 1907 crediderim.

789 1953 912 2018 Pro
984 1953 1188 2020 Sestio
1257 1959 1316 2021 5.
1394 1961 1509 2021 12:
1606 1961 1678 2022 Si
1747 1962 1829 2022 M.
1903 1960 2119 2023 Petrei
2186 1981 2316 2022 non
2363 1961 2668 2023 excellens

702 2074 954 2136 animue
973 2122 1162 2137 .....
1213 2077 1591 2151 exstitisset,
1640 2098 1841 2157 neque
1887 2077 2149 2139 adiutor
2194 2077 2254 2138 ei
2302 2079 2372 2138 P.
2423 2075 2668 2138 Sestius

702 2195 787 2253 ad
833 2193 1233 2255 ewcitandum
1266 2195 1640 2270 Antonium,
1686 2196 2133 2256 cohortandum
2150 2239 2166 2269 ‚
2212 2194 2631 2254 accusandum
2651 2237 2666 2266 ‚

701 2310 1139 2389 impellendum
1210 2312 1472 2390 fuisset,
1542 2315 1734 2374 datus
1797 2312 1902 2372 illo
1967 2311 2037 2372 in
2083 2313 2232 2372 bello
2279 2317 2438 2372 esset
2483 2308 2671 2370 hiemi

703 2424 890 2485 loeus.
919 2459 1006 2470 —-
1031 2423 1196 2498 Quid
1239 2423 1431 2486 facies
1477 2443 1706 2506 quaeso
1753 2422 1863 2485 iIlo
1894 2427 2336 2500 accusandum,
2385 2443 2422 2484 a
2446 2420 2667 2485 verbo-

703 2562 844 2603 rum
909 2544 1212 2605 contextu
1255 2561 1509 2622 prorsus
1554 2539 1763 2605 alieno
1779 2541 1809 2602 ’θ
1901 2537 1980 2602 In
2025 2538 2477 2603 vetustioribus
2523 2536 2660 2601 edd.

703 2657 898 2721 litura
966 2658 1243 2722 deletum
1311 2662 1423 2722 est.
1529 2656 1752 2722 Potius
1826 2656 2203 2721 crediderim
2223 2704 2237 2733 ‚
2301 2653 2668 2720 Ciceronem

690 2771 1052 2841 'acuendum
1118 2775 1177 2838 h.
1229 2774 1272 2838 1.
1322 2775 1667 2859 scripsisse.
1761 2771 2008 2838 Acuere
2056 2772 2379 2836 excitandi
2423 2772 2556 2836 vim
2600 2773 2667 2834 et

700 2892 1081 2975 potestatem
1144 2894 1210 2954 et
1253 2890 1407 2955 alibi
1452 2890 1644 2954 habet
1663 2938 1678 2967 ‚
1744 2892 1813 2952 et
1857 2910 1971 2972 pro
2016 2885 2077 2952 S.
2127 2888 2313 2953 Rosc.
2361 2885 2507 2951 Am.
2558 2889 2661 2951 38.

709 3008 872 3086 110,
919 3030 1032 3091 pro
1077 3006 1218 3092 Lig.
1271 3012 1331 3071 4.
1387 3009 1486 3071 10.

790 3120 914 3185 Pro
981 3104 1221 3188 Milone
1291 3125 1394 3186 21.
1468 3124 1589 3186 56:
1679 3124 1856 3184 Adde
1901 3143 2119 3198 casus,
2189 3125 2355 3185 adde
2397 3124 2668 3185 incertos

704 3243 911 3305 ean'tws²
975 3264 1335 3324 puqnarum
1407 3246 1788 3322 Martemque
1850 3261 2260 3317 communem,
2330 3242 2439 3321 qui
2482 3260 2668 3319 saepe

702 3336 1070 3439 spoliantem
1138 3360 1267 3420 iam
1331 3367 1392 3420 et
1435 3361 1849 3420 exsultantem
1898 3359 2125 3420 evertit
2170 3365 2229 3419 et
2273 3358 2545 3437 perculit
2589 3361 2667 3419 ab

700 3477 954 3538 abiecta
1005 3491 1090 3523 ⁴—-
1137 3474 1360 3538 Malim
1428 3477 1661 3537 avertit
1730 3484 1790 3537 et
1857 3476 2103 3555 pepulit
2161 3475 2300 3539 coll.
2350 3496 2462 3559 pro
2510 3474 2665 3539 an-

703 3594 847 3658 cina
897 3594 997 3654 12.
1049 3593 1172 3654 33:
1234 3592 1342 3672 qui
1387 3592 1457 3653 in
1501 3613 1655 3672 pace
1701 3601 1761 3654 et
1807 3594 1934 3655 otio
1962 3641 1976 3655 .
2006 3642 2020 3655 .
2050 3642 2067 3655 .
2097 3642 2111 3655 .
2177 3595 2616 3674 repulerit...
2647 3642 2661 3655 .

656 3709 1023 3771 'averterit
1116 3705 1448 3771 Contraria
1514 3708 1759 3772 ratione
1829 3730 1960 3772 non
2020 3711 2298 3790 pepulit,
2370 3708 2478 3772 sed
2523 3731 2666 3789 per-

700 3825 857 3887 culit
921 3822 1263 3906 legendum
1330 3825 1427 3886 est
1495 3822 1576 3885 ad
1641 3821 1787 3887 Div.
1854 3828 1910 3887 4.
1963 3827 2063 3889 13.
2114 3827 2186 3887 2:
2284 3828 2666 3907 Quamquam

701 3939 864 4002 enim
913 3940 1098 4000 nulla
1144 3959 1236 3998 me
1279 3939 1488 4016 ipsum
1534 3938 1833 4017 privatim
1878 3939 2126 4019 pepulit
2170 3938 2442 4019 insiqnis
2487 3940 2666 4002 iniu-

698 4054 804 4116 ria
848 4054 997 4116 cett.
1651 4055 1658 4062 ’

789 4166 950 4231 Ιὶὴᾶι
1002 4169 1106 4230 22.
1159 4168 1277 4231 60:
1343 4169 1560 4231 Subito
1607 4170 1855 4249 abrepti
1899 4170 1972 4232 in
2015 4172 2429 4252 quaestionem
2458 4180 2665 4234 tamen

703 4295 1096 4369 separantur
1166 4308 1207 4348 α
1272 4288 1494 4350 ceteris
1561 4295 1622 4348 et
1690 4288 1762 4349 in
1827 4309 2011 4352 arcas
2078 4290 2515 4368 coniciuntur,
2583 4313 2665 4354 ne

3063 4995 3090 5140 ψ’·
