3142 5167
1386 517 1469 579 47

454 731 778 810 principes
824 728 980 789 alios
1027 746 1185 788 cura
1232 733 1293 788 et
1337 734 1515 789 metu
1538 729 1913 803 distinebat,
1962 748 2108 790 cum
2132 735 2420 812 suspensi

459 853 518 908 et
587 847 885 906 attoniti.
917 868 938 904 .·
960 890 974 904 .
1005 890 1018 903 .
1094 845 1243 904 hinc
1311 851 1498 923 atque
1566 848 1719 905 inde
1763 847 2051 924 publicae
2096 850 2421 908 servitutis

455 962 715 1020 nuntios
785 965 1205 1036 eoepectarent.
1322 959 1408 1019 Ac
1475 962 1529 1020 si
1599 962 1767 1037 forte
1835 962 2075 1041 aliquos
2141 965 2421 1041 flumina

453 1079 630 1138 nives
692 1076 865 1134 venti
908 1074 1420 1151 praepedissent,
1486 1078 1708 1135 statim
1743 1078 1866 1136 hoc
1911 1076 2071 1137 illud
2117 1097 2245 1138 esse
2290 1098 2419 1138 ere-

454 1176 685 1252 debant
744 1191 908 1268 quod
970 1189 1400 1250 merebantur.
1451 1225 1533 1234 —-
1583 1185 1706 1251 Pro
1752 1188 1967 1272 inepte
2014 1194 2423 1255 merebantur

455 1308 835 1368 verebantur
882 1302 1125 1386 corrige
1173 1302 1368 1366 sodes.

546 1419 612 1484 O.
667 1421 791 1484 69:
888 1422 958 1482 Si
1003 1422 1153 1501 quid
1200 1441 1470 1500 usquam
1517 1425 1738 1500 stirpis
1785 1425 2122 1501 antiquae,
2170 1427 2225 1484 si
2271 1427 2423 1503 quid

382 1544 386 1550 ’
458 1541 754 1600 residuae
816 1527 1164 1612 clar'itatiS,
1230 1540 1341 1598 hoc
1386 1540 1798 1616 amplexatur
1849 1547 1909 1600 et
1951 1541 2191 1617 refovet
2245 1551 2305 1601 et
2350 1544 2422 1603 in

460 1677 652 1717 usum
696 1659 793 1716 rei
838 1656 1123 1734 publicae
1169 1659 1424 1733 promit.
1493 1657 1660 1718 Sunt
1708 1661 1772 1718 in
1824 1660 2058 1718 honore
2086 1661 2423 1720 hominum

461 1780 522 1833 et
567 1777 639 1833 in
684 1775 917 1832 honore
962 1771 1182 1847 famae
1228 1790 1469 1850 ma9na
1522 1775 1789 1850 nomina
1839 1792 1912 1833 ecc
1959 1775 2228 1835 tenebris
2274 1775 2423 1834 obli-

462 1892 666 1950 vionis
712 1888 1117 1966 indulqentia
1167 1885 1453 1947 Caesaris
1472 1932 1486 1960 ,
1550 1890 1733 1948 euius
1779 1890 1891 1949 hoc
1937 1897 2027 1949 est
2072 1869 2146 1949 ut
2190 1891 2450 1974 nobiles⁸

463 2011 522 2065 et
567 2008 884 2064 conservet
930 2008 990 2061 et
1036 2002 1295 2079 efficiat.
1322 2006 1431 2045 ⁶—-
1478 1995 1629 2062 Non
1673 2019 1799 2063 uno
1846 2000 2005 2063 vitio
2049 2000 2204 2065 haec
2249 2000 2422 2064 labo-

460 2138 597 2179 rare
642 2116 958 2179 videntur.
1055 2111 1343 2178 Primum
1387 2121 1627 2195 promit
1672 2115 2083 2199 depravatum
2129 2118 2422 2181 existimo

459 2255 536 2297 ex
580 2237 868 2315 provehit
889 2280 905 2311 ,
952 2232 1326 2315 praesertim
1375 2253 1571 2315 quum
1616 2231 1824 2297 locum
1870 2234 2141 2317 respicio
2186 2234 2256 2297 in
2299 2234 2419 2317 Ep.

455 2349 634 2413 VIII.
691 2353 803 2418 12,
859 2349 969 2413 ubi
1015 2348 1090 2412 de
1120 2348 1393 2422 Traiano
1425 2349 1649 2414 scribit
1672 2347 1957 2413 Plinius:
2005 2355 2150 2414 colit
2172 2356 2389 2414 studia
2408 2400 2423 2429 ,

452 2472 761 2530 studiosos
810 2474 1023 2543 amat,
1072 2470 1272 2546 fovet,
1319 2471 1625 2546 provehit.
1692 2464 1984 2530 Eundem
2031 2466 2122 2530 ibi
2168 2468 2423 2530 senten-

455 2583 582 2647 tiae
649 2582 935 2646 ordinem
997 2582 1351 2658 cernimus;
1427 2582 1505 2646 cf.
1577 2582 1697 2666 Ep.
1747 2581 1874 2660 IX,
1928 2585 2042 2648 14:
2090 2589 2426 2665 provehere

462 2700 743 2777 aliquem
789 2701 860 2758 in
907 2700 1110 2758 lucem
1149 2705 1209 2759 et
1232 2700 1504 2776 famam.
1532 2733 1606 2745 —-
1646 2695 1895 2761 Deinde
1919 2718 2066 2762 vero
2089 2719 2218 2762 non
2243 2699 2425 2763 credo

451 2807 736 2872 Plinium
806 2809 1132 2892 scripsisse
1213 2819 1366 2872 sunt
1433 2816 1505 2872 in
1568 2815 1803 2874 honore
1866 2817 2202 2876 hominum
2249 2822 2310 2876 et
2353 2819 2425 2878 in

454 2930 687 2987 honore
759 2928 1000 3004 famae.
1094 2922 1280 2987 Prius
1348 2929 1584 2987 honore
1651 2926 1900 2990 librarii
1968 2926 2152 3010 culpa
2197 2947 2275 2989 ex
2320 2949 2426 2991 ore

455 3046 664 3107 ortum
732 3065 868 3107 esse
936 3042 1201 3106 minime
1270 3042 1637 3107 dubitanter
1697 3043 2142 3109 affirmaverim
2162 3085 2181 3118 ,
2246 3045 2423 3122 cuius

458 3160 692 3246 oculi,
673 3183 743 3223 m
791 3157 1123 3222 scribendo
1168 3158 1383 3223 nescio
1428 3179 1511 3221 an
1556 3158 1638 3222 ad
1685 3180 1951 3243 sequens
1996 3159 2426 3223 1066116116-

455 3278 686 3342 verint.
760 3277 923 3340 Tum
969 3298 1115 3340 vero
1163 3299 1238 3340 eoe
1287 3279 1557 3340 tenebris
1606 3279 1932 3340 oblivionis
1979 3276 2170 3342 nimis
2200 3276 2427 3342 durum

448 3381 547 3484 eis
584 3395 925 3459 molestum
990 3394 1050 3458 h.
1099 3393 1143 3457 l.
1192 3396 1348 3478 puto
1395 3415 1507 3478 pro
1552 3404 1693 3476 post
1740 3398 2027 3472 tenebras
2074 3399 2425 3475 oblivionis,

457 3491 623 3596 quod
695 3510 956 3574 omnino
1025 3510 1391 3595 significare
1459 3509 1664 3574 debet..
1761 3509 1960 3585 Quam
2030 3509 2108 3574 ob
2176 3533 2427 3576 causam

456 3629 751 3693 lacunam
797 3628 1047 3690 exstare
1095 3627 1338 3691 conicio
1384 3626 1487 3690 vel
1536 3630 1682 3710 post
1727 3631 2092 3705 oblivionis,
2140 3628 2241 3691 vel
2287 3630 2429 3711 posi.

461 3747 783 3820 Caesaris,
853 3763 1012 3826 quae
1075 3763 1188 3826 per
1248 3752 1436 3805 eruta
1481 3743 1585 3806 vel
1630 3752 1928 3823 prompta
1974 3743 2076 3808 vel
2121 3745 2429 3808 eiusmodi

461 3858 837 3923 vocabulum
881 3855 1193 3940 explenda
1237 3857 1379 3920 6111.

548 3973 615 4038 G.
694 3978 774 4039 81
849 3974 1157 4039 Traianus
1226 3974 1548 4050 laudatur,
1598 3973 1762 4057 quod
1808 3976 1881 4037 ut
1927 3974 1995 4038 in
2034 3976 2289 4053 ceteris,
2338 3977 2428 4041 ita

464 4092 534 4154 in
580 4093 917 4156 venatione
953 4112 1197 4176 quoque
1228 4112 1469 4155 morem
1500 4091 1810 4154 maiorum
1833 4093 2113 4169 secutus,
2160 4092 2428 4157 lustrare

466 4204 695 4268 soleret
741 4206 974 4284 saltuS,
1037 4209 1335 4270 excutere
1366 4179 1694 4286 &bilibus
1740 4205 1933 4284 feras,
1999 4209 2237 4271 66111616
2284 4230 2428 4272 611111

463 4320 800 4408 fugacibus
847 4344 1067 4401 cursu,
1115 4344 1259 4390 cum
1276 4319 1650 4416 *audqcssffls
1692 4322 1940 4400 robore,
1992 4346 2135 4390 cum
2179 4325 2426 4420 stallidis
