3142 5167
1615 463 1696 525 76

667 670 811 729 iure
852 668 1062 746 lequm
1082 713 1097 742 ‚
1159 686 1316 750 quas
1357 687 1476 747 per
1519 670 1651 727 vim
1697 668 1863 728 latas
1909 687 2038 728 esse
2082 667 2322 748 olicebat
2333 686 2358 742 ;
2412 665 2620 725 Cinna

667 789 805 843 cett.

756 893 837 957 In
882 895 1097 958 eadem
1141 892 1249 960 Or.
1299 900 1358 961 3.
1411 899 1488 960 9:
1541 900 1773 962 Omnes
1824 899 2118 977 Cafones,
2166 918 2381 960 omnes
2415 898 2628 959 Samae

669 1021 1028 1096 ceteraeque
1065 1021 1304 1094 pestes,
1374 1036 1537 1099 quae
1582 1023 1937 1099 sequuntur
1981 1016 2338 1077 Antonium
2356 1060 2371 1090 ,
2441 1016 2624 1076 aedes

669 1132 787 1190 sibi
830 1134 1104 1211 optimas
1120 1177 1135 1208 ,
1205 1135 1416 1195 hortos
1433 1178 1448 1209 ‚
1527 1134 1892 1196 Tusculana
1913 1178 1928 1208 ‚
1990 1133 2238 1193 Albana
2282 1133 2621 1212 definiunt.

670 1247 869 1330 Atque
936 1251 1133 1309 etiam
1203 1252 1490 1314 homines
1560 1258 1836 1330 aqrestes
1857 1295 1872 1325 ‚
1941 1252 1996 1310 si
2062 1251 2347 1309 homines
2415 1250 2512 1308 illi
2557 1268 2632 1308 ac

669 1384 802 1424 non
869 1367 1133 1443 pecudes
1194 1370 1411 1445 potius
1431 1412 1446 1442 ,
1518 1370 1711 1428 inani
1771 1387 1878 1445 spe
1940 1367 2026 1426 ad
2084 1386 2284 1449 aquas
2331 1377 2530 1449 usque
2574 1371 2635 1424 et

674 1480 964 1541 Puteolos
1004 1485 1465 1559 provehuntur.
1502 1518 1590 1529 -
1628 1479 1765 1544 Aut
1810 1482 2023 1545 omnia
2066 1502 2169 1544 me
2213 1480 2476 1556 fallunt,
2526 1480 2638 1542 aut

675 1595 951 1654 immani
996 1615 1104 1673 spe
1147 1615 1278 1658 non
1323 1601 1513 1658 inani
1558 1596 1881 1660 sententia
1928 1594 2213 1678 requirit.

763 1704 844 1769 In
888 1703 1127 1772 Anton.
1178 1708 1256 1773 X.
1306 1714 1366 1774 4.
1419 1714 1493 1775 8:
1561 1715 1968 1796 Quamquam
2013 1715 2124 1792 qui
2168 1730 2480 1794 umquam
2524 1716 2641 1772 aut

677 1827 816 1888 ludi
882 1835 1000 1889 aut
1066 1831 1201 1891 dies
1245 1831 1536 1891 laetiores
1583 1833 1856 1908 fuerunt
1874 1876 1889 1905 ‚
1958 1850 2154 1913 quam
2199 1849 2346 1890 cum
2391 1832 2464 1889 in
2508 1831 2640 1888 sin-

675 1944 840 2023 qulis
901 1947 1179 2007 versibus
1220 1947 1497 2026 populus
1544 1947 1879 2009 Romanus
1928 1948 2218 2006 maximo
2264 1945 2537 2004 clamore
2580 1949 2640 2002 et

670 2064 910 2141 plausu
933 2064 1128 2125 Bruti
1152 2069 1532 2126 memoriam
1550 2066 2047 2147 prosequebatur
2065 2065 2097 2122 Ε)
2117 2043 2209 2108 ¹—-
2236 2059 2397 2136 Quia
2421 2059 2635 2140 inepte

675 2178 898 2243 edatur
967 2188 1084 2243 aut
1147 2182 1287 2243 ludi
1332 2189 1449 2242 aut
1495 2183 1629 2241 dies
1649 2225 1664 2255 ‚
1736 2177 2192 2242 Mommsenius
2241 2174 2632 2240 emendavit:

674 2305 792 2358 aut
863 2299 1003 2358 ludi
1071 2305 1188 2358 aut
1255 2298 1636 2357 auditiones.
1672 2285 1694 2304 ⁹
1750 2291 1941 2356 Oodd.
2016 2294 2328 2375 scriptura
2396 2292 2638 2355 incerta

671 2413 801 2486 est3
872 2421 988 2473 aut
1057 2414 1239 2498 laudi
1305 2410 1545 2494 legibur
1615 2412 1681 2472 et,
1749 2432 1838 2473 au
1900 2413 2079 2483 ludi,·
2148 2409 2261 2473 alii
2307 2420 2425 2474 aut
2464 2413 2633 2486 dies,

670 2535 788 2590 aut
854 2531 1078 2591 audies
1147 2526 1451 2590 exhibenk
1473 2573 1488 2603 ‚
1552 2525 1665 2588 alii
1733 2530 1997 2589 auuidis
2015 2573 2030 2603 ‚
2095 2535 2212 2589 aut
2257 2530 2396 2589 diis.
2490 2521 2636 2586 Nisi

668 2640 822 2725 quid
865 2640 1130 2718 meliUS,
1178 2640 1520 2726 legendum
1565 2641 1856 2734 videtum
1918 2645 2327 2728 Quamquam
2352 2646 2464 2725 qui
2488 2661 2631 2701 um-

667 2780 865 2846 quam
896 2767 1106 2844 'antea
1152 2762 1292 2821 ludi
1337 2762 1549 2822 laudis
1599 2763 1810 2822 avidis
1857 2762 2147 2822 laetiores
2178 2763 2453 2838 fuerunt
2483 2760 2629 2821 cett.

754 2874 915 2940 Ibid.
972 2879 1072 2938 11.
1127 2878 1245 2939 26:
1313 2880 1466 2952 Quis
1513 2881 1716 2957 iqitur
1763 2881 1818 2938 is
1864 2879 2003 2938 est?
2078 2877 2208 2937 Aut
2258 2878 2337 2937 M.
2389 2878 2634 2937 Brutus

666 3000 782 3054 aut
856 2995 916 3055 G.
997 2994 1249 3055 Cassius
1323 3001 1441 3054 aut
1505 3001 1790 3076 uterque.
1926 2996 2341 3055 Decernerem
2403 2994 2632 3072 plane,

665 3111 828 3169 sicut
896 3110 1103 3169 multa
1175 3106 1329 3190 [in]
1371 3109 1727 3169 consulibus
1747 3154 1762 3184 ‚
1832 3110 2111 3171 alterum
2167 3111 2491 3183 ambosve,
2561 3111 2634 3168 ni

666 3200 950 3285 Brutum
990 3225 1488 3304 ‘colliqassemus
1561 3229 1650 3297 in,
1710 3227 1976 3287 Graecia
2045 3226 2193 3289 cest».
2270 3262 2349 3271 —
2430 3226 2633 3286 Multa

664 3345 736 3402 in
831 3343 1186 3403 consulibus
1279 3343 1393 3427 (sc.
1469 3340 1923 3427 decernuntur)
1998 3341 2292 3407 Halmius
2390 3343 2633 3417 edidit,

665 3455 943 3534 incerta,
1029 3460 1102 3519 ut
1186 3458 1321 3541 ipse
1399 3459 1769 3536 confitetur,
1842 3461 2221 3525 coniectura.
2332 3460 2413 3524 In
2482 3459 2628 3524 cod.

664 3570 1157 3656 Tegernseensi‚
1240 3571 1319 3634 ab
1393 3572 1529 3656 ipso
1605 3569 1861 3637 Halmio
1944 3575 2203 3653 collatO,
2283 3576 2393 3659 qui
2476 3576 2632 3647 alias

663 3710 857 3751 conss.
929 3688 1031 3752 vel
1100 3711 1216 3752 cos.
1288 3710 1400 3771 per
1461 3710 1679 3754 omnes
1727 3712 1906 3755 casus
1953 3694 2018 3755 et
2062 3714 2358 3756 numeros
2403 3691 2633 3755 habere

664 3803 854 3880 soleiz,
905 3806 1114 3866 multa
1161 3807 1439 3866 consulib
1485 3803 1759 3888 legitur,
1808 3805 1878 3868 in
1923 3806 2187 3890 reliquis
2232 3810 2439 3869 multa
2488 3830 2630 3870 con-

663 3921 882 3981 sulem.
976 3916 1183 3982 Probo
1243 3918 1434 3982 Ravii
1495 3919 2003 3984 emendationem
2020 3967 2035 3997 ‚
2107 3920 2218 4003 qui
2264 3919 2630 3986 Ciceronem

662 4033 990 4115 scripsisse
1036 4033 1276 4097 iudicat
1321 4039 1502 4113 sicut·
1532 4038 1741 4097 multa
1788 4039 2093 4099 solemus:
2143 4038 2307 4100 alter
2343 4042 2626 4117 ambove,

659 4149 788 4212 nisi
832 4149 999 4233 quod
1044 4152 1320 4213 consulib
1370 4169 1499 4212 non
1545 4171 1625 4213 ex
1671 4154 1941 4215 solemus
1960 4200 1975 4229 ‚
2024 4151 2134 4215 sed
2181 4174 2259 4218 ex
2305 4161 2626 4219 consuevi-

657 4289 801 4330 mus
846 4267 1259 4352 depravatum
1305 4289 1439 4332 esse
1483 4269 1783 4352 putarim.
1862 4268 2000 4334 Hoc
2031 4270 2234 4355 igitur
2261 4271 2619 4356 legendum.
