3142 5167
1592 478 1680 540 84

644 681 851 740 menti
912 682 1203 758 inopiam
1246 683 1665 741 metuendam
1708 701 1780 741 eo
1823 682 1942 741 loci
1985 680 2393 740 manentibus
2436 679 2610 739 iudi-

645 796 845 855 cabat.
946 791 1211 856 Etenim
1276 791 1523 877 legerat
1590 794 1731 857 sine
1799 793 1993 857 dubio
2033 791 2204 876 apud
2246 790 2610 854 Gaesarem:

646 911 1055 988 spatiumque
1137 911 1681 988 interponendum
1754 912 1841 970 ad
1909 911 2286 971 recreandos
2357 911 2610 968 animos

640 1023 915 1102 putabat
982 1029 1044 1081 et
1110 1029 1213 1085 ue
1266 1029 1466 1085 leda
1516 1031 2022 1088 mun
2092 1031 2447 1097 benc·—
2511 1024 2608 1082 rei

644 1140 1126 1218 frumentariae
1168 1138 1450 1198 timebat.

733 1249 975 1313 Eadem
1038 1250 1284 1314 ratione
1340 1250 1580 1334 corrigi
1623 1254 1834 1334 potest
1875 1251 2051 1316 locus
2097 1252 2170 1315 in
2211 1251 2376 1315 libro
2417 1250 2488 1314 H
2529 1251 2608 1316 de

645 1365 826 1430 Bello
892 1365 1140 1430 Gallico
1157 1413 1175 1444 ‚
1245 1369 1285 1430 6
1304 1413 1322 1444 ‚
1384 1369 1425 1429 2
1440 1386 1461 1428 ε
1560 1370 1678 1430 Ubi
1739 1372 2145 1430 circumiecta
2192 1370 2614 1430 multitudine

647 1487 985 1546 hominum
1035 1488 1184 1544 totis
1228 1486 1557 1545 moenibus
1601 1486 1890 1563 undique
1932 1487 2008 1544 in
2053 1504 2322 1545 murum
2368 1485 2611 1564 lapides

648 1604 777 1662 iaci
837 1605 1037 1680 coepti
1082 1608 1238 1662 sunt
1280 1622 1632 1683 murusque
1674 1603 2112 1680 defensoribus
2155 1603 2444 1664 nudatus
2486 1608 2611 1677 est,

653 1719 973 1779 testudine
1040 1719 1221 1795 facta
1279 1725 1505 1797 portas
1566 1720 1912 1779 succedunt
1956 1737 2344 1801 murumque
2386 1719 2615 1779 subru-

650 1841 791 1895 unt.
824 1869 910 1879 —
940 1831 1104 1907 Quia
1147 1831 1387 1895 milites
1428 1830 1754 1895 testudine
1800 1832 1972 1894 facta
2014 1852 2146 1894 non
2190 1830 2353 1895 solas
2397 1832 2612 1914 portas

650 1947 760 2011 sed
804 1970 1059 2011 murum
1104 1950 1314 2012 totum
1357 1947 1732 2012 successisse
1775 1948 1943 2011 ratio
1985 1947 2208 2011 doceat
2233 1995 2248 2024 ‚
2317 1945 2613 2011 nonnulli

650 2061 921 2126 editores
942 2110 959 2137 ‚
1022 2063 1193 2126 inter
1237 2084 1391 2147 quos
1435 2062 1799 2139 KraneruS,
1839 2071 2064 2145 portas
2107 2061 2293 2125 uncis
2338 2060 2614 2123 incluse-

650 2181 823 2243 runt.
917 2176 1009 2242 At
1073 2176 1372 2244 Petrarca
1439 2179 1597 2244 duce
1664 2180 1821 2243 satis
1889 2182 2034 2242 tuto
2100 2199 2213 2263 pro
2271 2182 2615 2242 succedunt

653 2295 968 2379 corrigere
1012 2297 1192 2377 potes
1238 2298 1611 2358 incendunt.
1690 2290 1881 2376 Apud
1928 2314 2074 2356 eum
2121 2292 2295 2355 enim
2339 2290 2612 2375 legitur:

649 2415 923 2495 denique
966 2416 1105 2473 iam
1147 2431 1419 2474 murum
1463 2413 1671 2485 dirui,
1717 2415 1855 2472 iam
1895 2418 2119 2490 portas
2163 2411 2421 2471 incendi
2460 2410 2610 2471 cett.

739 2523 838 2588 De
904 2523 1070 2588 bello
1138 2522 1384 2589 Gallico
1442 2523 1512 2603 I,
1584 2527 1705 2601 33,
1779 2527 1850 2587 1:
1942 2527 2061 2587 His
2121 2529 2304 2589 rebus
2348 2528 2614 2608 coquitis

657 2645 890 2707 Caesar
961 2645 1293 2707 Gallorum
1361 2648 1615 2706 animos
1668 2646 1881 2706 ‚verbis
1926 2646 2332 2724 confirmavit
2368 2644 2615 2723 pollici-

654 2768 879 2843 tusque
945 2767 1038 2821 est
1103 2761 1222 2822 sibi
1288 2781 1433 2823 eam
1477 2780 1617 2821 rem
1661 2779 1856 2820 curae
1898 2762 2236 2838 futuram:
2306 2779 2613 2839 maynam

652 2895 717 2936 se
783 2876 1011 2936 habere
1077 2896 1254 2955 spem
1271 2921 1286 2951 ,
1357 2883 1419 2936 et
1461 2875 1759 2954 beneficio
1805 2892 1918 2934 suo
1967 2880 2026 2934 et
2072 2876 2456 2935 auctoritate
2497 2876 2615 2935 ad-

653 2993 920 3053 ductum
964 2992 1359 3054 Ariovistum
1401 2994 1602 3072 finem
1648 2993 1912 3053 iniuriis
1935 2993 2289 3069 facturum.
2320 3027 2404 3039 —
2423 2986 2619 3053 Ama·-

651 3106 868 3188 quitus
915 3106 1223 3188 script-um
1268 3126 1404 3168 esse
1452 3104 1706 3169 videtur
1752 3114 1813 3168 et
1856 3108 2149 3186 beneficio
2185 3127 2298 3169 suo
2322 3114 2383 3168 et
2405 3115 2618 3169 aucto-

652 3224 849 3282 ritate
914 3223 986 3283 P.
1054 3223 1132 3285 R.
1201 3220 1339 3284 coll.
1411 3219 1594 3285 Celso
1613 3268 1628 3299 ,
1713 3220 1816 3284 vel
1890 3221 1947 3283 si
2013 3221 2216 3285 mavis
2285 3219 2616 3285 Petrarca:

656 3344 715 3400 et
761 3357 1019 3416 sperare
1032 3386 1045 3412 ‚
1103 3340 1498 3401 Ariovistum
1543 3342 1694 3401 hinc
1737 3339 2019 3401 Romani
2062 3343 2345 3402 nominis
2387 3343 2620 3402 ‘maies-

656 3461 789 3517 tate
806 3501 821 3532 ‚
882 3457 1032 3516 hinc
1087 3458 1364 3535 privatis
1410 3458 1543 3517 suis
1589 3458 1662 3516 in
1708 3475 1858 3516 eum
1900 3458 2150 3517 meritis
2196 3468 2415 3536 sponte
2458 3463 2619 3518 tem-

650 3577 1042 3650 peraturum
1085 3571 1162 3630 ab
1207 3572 1491 3632 iniuriis.
1554 3567 1636 3631 In
1680 3565 1925 3631 Graeca
1955 3569 2328 3652 paraphrasi
2352 3568 2619 3653 legitur:

660 3681 952 3763 μεγάλας
1013 3679 1138 3758 γὰρ
1200 3679 1457 3763 ἐλπίδας
1510 3679 1665 3762 ἒχειν
1704 3678 1809 3741 τὸν
1865 3679 2237 3756 Ἀριόβιστον
2281 3679 2487 3740 πολλὰ
2527 3680 2617 3760 ὑφ’

657 3789 880 3850 αὐτοῦ
917 3812 995 3851 τε
1035 3789 1148 3852 καὶ
1188 3798 1323 3851 τῶν
1364 3791 1715 3866 Ῥωμαίων
1760 3789 2246 3867 εὐεργετηθέντα,
2275 3789 2623 3850 παύσεσθαι

658 3903 775 3974 τῆς
818 3894 1066 3977 ὕβρεως.

1541 4132 1653 4177 FIN
1654 4133 1730 4177 18.
