<?xml version="1.0" encoding="UTF-8"?>
<!DOCTYPE html PUBLIC "-//W3C//DTD XHTML 1.0 Transitional//EN"
    "http://www.w3.org/TR/xhtml1/DTD/xhtml1-transitional.dtd">
<html xmlns="http://www.w3.org/1999/xhtml" xml:lang="en" lang="en">
 <head>
  <title>
</title>
<meta http-equiv="Content-Type" content="text/html;charset=utf-8" />
  <meta name='ocr-system' content='tesseract 3.04.00' />
  <meta name='ocr-capabilities' content='ocr_page ocr_carea ocr_par ocr_line ocrx_word'/>
</head>
<body>
  <div class='ocr_page' id='page_1' title='image "./coniectanealati00corngoog_0097.png"; bbox 0 0 3142 5167; ppageno 0'>
   <div class='ocr_carea' id='block_1_1' title="bbox 1314 520 1488 593">
    <p class='ocr_par' dir='ltr' id='par_1_1' title="bbox 1314 520 1488 593">
     <span class='ocr_line' id='line_1_1' title="bbox 1314 520 1488 593; baseline 0.011 -12"><span class='ocrx_word' id='word_1_1' title='bbox 1314 520 1488 593; x_wconf 13' lang='lat'><strong><em>*77</em></strong></span> 
     </span>
    </p>
   </div>
   <div class='ocr_carea' id='block_1_2' title="bbox 543 723 2410 790">
    <p class='ocr_par' dir='ltr' id='par_1_2' title="bbox 543 723 2410 790">
     <span class='ocr_line' id='line_1_2' title="bbox 543 723 2410 790; baseline -0.004 0"><span class='ocrx_word' id='word_1_2' title='bbox 543 725 622 790; x_wconf 91' lang='lat' dir='ltr'><strong><em>In</em></strong></span> <span class='ocrx_word' id='word_1_3' title='bbox 685 723 922 789; x_wconf 87' lang='lat' dir='ltr'><strong><em>Anton.</em></strong></span> <span class='ocrx_word' id='word_1_4' title='bbox 996 724 1140 789; x_wconf 89' lang='lat' dir='ltr'>XII.</span> <span class='ocrx_word' id='word_1_5' title='bbox 1220 728 1274 787; x_wconf 93' lang='lat' dir='ltr'><strong><em>l.</em></strong></span> <span class='ocrx_word' id='word_1_6' title='bbox 1350 727 1419 787; x_wconf 83' lang='lat'><strong><em>2:</em></strong></span> <span class='ocrx_word' id='word_1_7' title='bbox 1510 726 1777 787; x_wconf 79' lang='lat' dir='ltr'><strong><em>Accessit</em></strong></span> <span class='ocrx_word' id='word_1_8' title='bbox 1842 725 2058 786; x_wconf 79' lang='lat' dir='ltr'><strong><em>consul</em></strong></span> <span class='ocrx_word' id='word_1_9' title='bbox 2104 729 2410 786; x_wconf 78' lang='lat' dir='ltr'><em>hortator.</em></span> 
     </span>
    </p>
   </div>
   <div class='ocr_carea' id='block_1_3' title="bbox 396 838 2535 928">
    <p class='ocr_par' dir='ltr' id='par_1_3' title="bbox 396 838 2535 928">
     <span class='ocr_line' id='line_1_3' title="bbox 396 838 2535 928; baseline -0.006 -21"><span class='ocrx_word' id='word_1_10' title='bbox 396 845 401 849; x_wconf 76' lang='grc'><em>’</em></span> <span class='ocrx_word' id='word_1_11' title='bbox 457 846 539 906; x_wconf 90' lang='lat' dir='ltr'><strong><em>At</em></strong></span> <span class='ocrx_word' id='word_1_12' title='bbox 584 848 693 928; x_wconf 85' lang='lat' dir='ltr'><strong><em>qui</em></strong></span> <span class='ocrx_word' id='word_1_13' title='bbox 739 844 995 904; x_wconf 85' lang='lat' dir='ltr'><strong><em>consul!</em></strong></span> <span class='ocrx_word' id='word_1_14' title='bbox 1090 844 1159 905; x_wconf 88' lang='lat' dir='ltr'><strong><em>Si</em></strong></span> <span class='ocrx_word' id='word_1_15' title='bbox 1204 844 1626 921; x_wconf 77' lang='lat' dir='ltr'><strong><em>prudentiam</em></strong></span> <span class='ocrx_word' id='word_1_16' title='bbox 1676 842 2048 926; x_wconf 74' lang='lat' dir='ltr'><strong><em>quaerimus</em></strong></span> <span class='ocrx_word' id='word_1_17' title='bbox 2070 884 2084 913; x_wconf 86' lang='lat'>‚</span> <span class='ocrx_word' id='word_1_18' title='bbox 2141 841 2251 921; x_wconf 85' lang='lat' dir='ltr'><strong><em>qui</em></strong></span> <span class='ocrx_word' id='word_1_19' title='bbox 2296 838 2421 896; x_wconf 87' lang='lat' dir='ltr'><strong><em>mi·</em></strong></span> <span class='ocrx_word' id='word_1_20' title='bbox 2528 844 2535 848; x_wconf 83' lang='grc'><em>“</em></span> 
     </span>
    </p>
   </div>
   <div class='ocr_carea' id='block_1_4' title="bbox 444 955 2446 4401">
    <p class='ocr_par' dir='ltr' id='par_1_4' title="bbox 444 955 2446 4401">
     <span class='ocr_line' id='line_1_4' title="bbox 457 955 2425 1039; baseline -0.006 -16"><span class='ocrx_word' id='word_1_21' title='bbox 457 965 632 1023; x_wconf 90' lang='lat' dir='ltr'><strong><em>nime</em></strong></span> <span class='ocrx_word' id='word_1_22' title='bbox 699 961 849 1038; x_wconf 77' lang='lat' dir='ltr'><strong><em>falli</em></strong></span> <span class='ocrx_word' id='word_1_23' title='bbox 910 967 1157 1039; x_wconf 86' lang='lat' dir='ltr'><strong><em>posset:</em></strong></span> <span class='ocrx_word' id='word_1_24' title='bbox 1233 962 1289 1019; x_wconf 89' lang='lat' dir='ltr'><strong><em>si</em></strong></span> <span class='ocrx_word' id='word_1_25' title='bbox 1351 961 1687 1029; x_wconf 89' lang='lat' dir='ltr'><strong><em>virtutem,</em></strong></span> <span class='ocrx_word' id='word_1_26' title='bbox 1751 959 1860 1039; x_wconf 86' lang='lat' dir='ltr'><strong><em>qui</em></strong></span> <span class='ocrx_word' id='word_1_27' title='bbox 1904 955 2156 1016; x_wconf 84' lang='lat' dir='ltr'><strong><em>nullam</em></strong></span> <span class='ocrx_word' id='word_1_28' title='bbox 2198 972 2425 1033; x_wconf 81' lang='lat' dir='ltr'><strong><em>pacem</em></strong></span> 
     </span>
     <span class='ocr_line' id='line_1_5' title="bbox 450 1065 2427 1158; baseline -0.004 -22"><span class='ocrx_word' id='word_1_29' title='bbox 450 1078 784 1156; x_wconf 89' lang='lat' dir='ltr'><strong><em>probaret,</em></strong></span> <span class='ocrx_word' id='word_1_30' title='bbox 832 1078 973 1136; x_wconf 84' lang='lat' dir='ltr'><strong><em>nisi·</em></strong></span> <span class='ocrx_word' id='word_1_31' title='bbox 1007 1076 1378 1136; x_wconf 91' lang='lat' dir='ltr'><strong><em>concedente</em></strong></span> <span class='ocrx_word' id='word_1_32' title='bbox 1426 1081 1620 1158; x_wconf 83' lang='lat' dir='ltr'><strong><em>atque</em></strong></span> <span class='ocrx_word' id='word_1_33' title='bbox 1664 1075 1842 1133; x_wconf 90' lang='lat' dir='ltr'><strong><em>vieto.</em></strong></span> <span class='ocrx_word' id='word_1_34' title='bbox 1896 1107 1980 1117; x_wconf 89' lang='lat'><strong><em>—-</em></strong></span> <span class='ocrx_word' id='word_1_35' title='bbox 2020 1065 2168 1133; x_wconf 90' lang='lat' dir='ltr'><strong><em>Non</em></strong></span> <span class='ocrx_word' id='word_1_36' title='bbox 2215 1089 2427 1130; x_wconf 87' lang='lat' dir='ltr'><strong><em>conce-</em></strong></span> 
     </span>
     <span class='ocr_line' id='line_1_6' title="bbox 455 1185 2430 1272; baseline -0.004 -19"><span class='ocrx_word' id='word_1_37' title='bbox 455 1195 644 1253; x_wconf 89' lang='lat' dir='ltr'><strong><em>dente</em></strong></span> <span class='ocrx_word' id='word_1_38' title='bbox 663 1237 678 1268; x_wconf 90' lang='lat'>‚</span> <span class='ocrx_word' id='word_1_39' title='bbox 748 1189 857 1252; x_wconf 89' lang='lat' dir='ltr'><strong><em>sed</em></strong></span> <span class='ocrx_word' id='word_1_40' title='bbox 919 1210 1068 1252; x_wconf 90' lang='lat' dir='ltr'><strong><em>cum</em></strong></span> <span class='ocrx_word' id='word_1_41' title='bbox 1137 1192 1389 1251; x_wconf 80' lang='lat' dir='ltr'><strong><em>cedente</em></strong></span> <span class='ocrx_word' id='word_1_42' title='bbox 1451 1186 1792 1271; x_wconf 85' lang='lat' dir='ltr'><strong><em>legendum</em></strong></span> <span class='ocrx_word' id='word_1_43' title='bbox 1838 1206 1972 1248; x_wconf 89' lang='lat' dir='ltr'><strong><em>esse</em></strong></span> <span class='ocrx_word' id='word_1_44' title='bbox 2017 1185 2128 1247; x_wconf 84' lang='lat' dir='ltr'><strong><em>vix</em></strong></span> <span class='ocrx_word' id='word_1_45' title='bbox 2173 1203 2430 1272; x_wconf 80' lang='lat' dir='ltr'><strong><em>monere</em></strong></span> 
     </span>
     <span class='ocr_line' id='line_1_7' title="bbox 455 1306 2378 1388; baseline -0.003 -20"><span class='ocrx_word' id='word_1_46' title='bbox 455 1327 613 1388; x_wconf 91' lang='lat' dir='ltr'><strong><em>opus</em></strong></span> <span class='ocrx_word' id='word_1_47' title='bbox 662 1306 774 1369; x_wconf 86' lang='lat' dir='ltr'><strong><em>est.</em></strong></span> <span class='ocrx_word' id='word_1_48' title='bbox 2363 1348 2378 1362; x_wconf 92' lang='lat'><strong><em>.</em></strong></span> 
     </span>
     <span class='ocr_line' id='line_1_8' title="bbox 544 1418 2433 1496; baseline -0.005 -14"><span class='ocrx_word' id='word_1_49' title='bbox 544 1419 703 1483; x_wconf 87' lang='lat' dir='ltr'><strong><em>Ibid.</em></strong></span> <span class='ocrx_word' id='word_1_50' title='bbox 756 1420 856 1481; x_wconf 89' lang='lat'><strong><em>17.</em></strong></span> <span class='ocrx_word' id='word_1_51' title='bbox 909 1423 995 1483; x_wconf 87' lang='lat'><strong><em>34</em></strong></span> <span class='ocrx_word' id='word_1_52' title='bbox 1041 1420 1107 1480; x_wconf 90' lang='lat' dir='ltr'><strong><em>et</em></strong></span> <span class='ocrx_word' id='word_1_53' title='bbox 1154 1419 1278 1481; x_wconf 85' lang='lat'><strong><em>35:</em></strong></span> <span class='ocrx_word' id='word_1_54' title='bbox 1377 1420 1638 1492; x_wconf 65' lang='lat' dir='ltr'><strong><em>»Quidr</em></strong></span> <span class='ocrx_word' id='word_1_55' title='bbox 1685 1421 1796 1478; x_wconf 88' lang='lat' dir='ltr'><strong><em>hoc</em></strong></span> <span class='ocrx_word' id='word_1_56' title='bbox 1850 1418 2142 1496; x_wconf 81' lang='lat' dir='ltr'><strong><em>placetne</em></strong></span> <span class='ocrx_word' id='word_1_57' title='bbox 2186 1421 2433 1476; x_wconf 89' lang='lat' dir='ltr'><strong><em>vetera-</em></strong></span> 
     </span>
     <span class='ocr_line' id='line_1_9' title="bbox 444 1523 2434 1618; baseline -0.005 -19"><span class='ocrx_word' id='word_1_58' title='bbox 444 1523 560 1598; x_wconf 87' lang='lat' dir='ltr'><strong><em>nis</em></strong></span> <span class='ocrx_word' id='word_1_59' title='bbox 608 1539 797 1598; x_wconf 64' lang='lat' dir='ltr'><strong><em>istis?</em></strong></span> <span class='ocrx_word' id='word_1_60' title='bbox 845 1538 1067 1618; x_wconf 85' lang='lat' dir='ltr'><strong><em>quibus</em></strong></span> <span class='ocrx_word' id='word_1_61' title='bbox 1116 1536 1331 1596; x_wconf 87' lang='lat' dir='ltr'><strong><em>adhuc</em></strong></span> <span class='ocrx_word' id='word_1_62' title='bbox 1379 1538 1599 1595; x_wconf 88' lang='lat' dir='ltr'><strong><em>omnia</em></strong></span> <span class='ocrx_word' id='word_1_63' title='bbox 1646 1537 1901 1614; x_wconf 72' lang='lat' dir='ltr'><strong><em>inteqra</em></strong></span> <span class='ocrx_word' id='word_1_64' title='bbox 1946 1529 2160 1595; x_wconf 88' lang='lat' dir='ltr'><strong><em>sunt.”</em></strong></span> <span class='ocrx_word' id='word_1_65' title='bbox 2256 1530 2434 1591; x_wconf 88' lang='lat' dir='ltr'><strong><em>Nihil</em></strong></span> 
     </span>
     <span class='ocr_line' id='line_1_10' title="bbox 459 1652 2431 1733; baseline -0.004 -18"><span class='ocrx_word' id='word_1_66' title='bbox 459 1657 594 1715; x_wconf 81' lang='lat' dir='ltr'><strong><em>vidi</em></strong></span> <span class='ocrx_word' id='word_1_67' title='bbox 638 1661 776 1714; x_wconf 89' lang='lat' dir='ltr'><strong><em>tam</em></strong></span> <span class='ocrx_word' id='word_1_68' title='bbox 821 1656 1178 1733; x_wconf 71' lang='lat' dir='ltr'><strong><em>inteyrum‚</em></strong></span> <span class='ocrx_word' id='word_1_69' title='bbox 1228 1672 1420 1730; x_wconf 87' lang='lat' dir='ltr'><strong><em>quam</em></strong></span> <span class='ocrx_word' id='word_1_70' title='bbox 1465 1660 1541 1712; x_wconf 91' lang='lat' dir='ltr'><strong><em>ut</em></strong></span> <span class='ocrx_word' id='word_1_71' title='bbox 1573 1671 1947 1732; x_wconf 72' lang='lat' dir='ltr'><strong><em>oppuqnare</em></strong></span> <span class='ocrx_word' id='word_1_72' title='bbox 1977 1652 2431 1729; x_wconf 78' lang='lat' dir='ltr'><strong><em>imperatorem</em></strong></span> 
     </span>
     <span class='ocr_line' id='line_1_11' title="bbox 460 1770 2430 1850; baseline -0.004 -19"><span class='ocrx_word' id='word_1_73' title='bbox 460 1773 780 1850; x_wconf 77' lang='lat' dir='ltr'><strong><em>incipiant</em></strong></span> <span class='ocrx_word' id='word_1_74' title='bbox 797 1815 812 1845; x_wconf 87' lang='lat'>‚</span> <span class='ocrx_word' id='word_1_75' title='bbox 882 1789 1029 1831; x_wconf 92' lang='lat' dir='ltr'><strong><em>cum</em></strong></span> <span class='ocrx_word' id='word_1_76' title='bbox 1099 1775 1362 1829; x_wconf 90' lang='lat' dir='ltr'><strong><em>tantum</em></strong></span> <span class='ocrx_word' id='word_1_77' title='bbox 1431 1770 1724 1829; x_wconf 89' lang='lat' dir='ltr'><strong><em>studium</em></strong></span> <span class='ocrx_word' id='word_1_78' title='bbox 1789 1785 2286 1844; x_wconf 84' lang='lat' dir='ltr'><strong><em>consensumque</em></strong></span> <span class='ocrx_word' id='word_1_79' title='bbox 2334 1784 2430 1824; x_wconf 90' lang='lat' dir='ltr'><strong><em>os-</em></strong></span> 
     </span>
     <span class='ocr_line' id='line_1_12' title="bbox 461 1885 2430 1958; baseline -0.002 -13"><span class='ocrx_word' id='word_1_80' title='bbox 461 1887 803 1947; x_wconf 90' lang='lat' dir='ltr'><strong><em>tenderint.</em></strong></span> <span class='ocrx_word' id='word_1_81' title='bbox 905 1886 1269 1958; x_wconf 79' lang='lat' dir='ltr'><strong><em>»Quoniam</em></strong></span> <span class='ocrx_word' id='word_1_82' title='bbox 1315 1904 1421 1944; x_wconf 85' lang='lat' dir='ltr'><strong><em>vos</em></strong></span> <span class='ocrx_word' id='word_1_83' title='bbox 1467 1885 2006 1944; x_wconf 89' lang='lat' dir='ltr'><strong><em>assentationibus</em></strong></span> <span class='ocrx_word' id='word_1_84' title='bbox 2052 1889 2112 1943; x_wconf 91' lang='lat' dir='ltr'><strong><em>et</em></strong></span> <span class='ocrx_word' id='word_1_85' title='bbox 2157 1900 2430 1942; x_wconf 86' lang='lat' dir='ltr'><strong><em>venena-</em></strong></span> 
     </span>
     <span class='ocr_line' id='line_1_13' title="bbox 463 1999 2432 2080; baseline -0.003 -18"><span class='ocrx_word' id='word_1_86' title='bbox 463 2005 545 2062; x_wconf 91' lang='lat' dir='ltr'><strong><em>tis</em></strong></span> <span class='ocrx_word' id='word_1_87' title='bbox 591 2003 968 2064; x_wconf 87' lang='lat' dir='ltr'><strong><em>muneribus</em></strong></span> <span class='ocrx_word' id='word_1_88' title='bbox 1015 1999 1344 2062; x_wconf 80' lang='lat' dir='ltr'><strong><em>venistis.”</em></strong></span> <span class='ocrx_word' id='word_1_89' title='bbox 1413 2003 1764 2080; x_wconf 88' lang='lat' dir='ltr'><strong><em>Depravati</em></strong></span> <span class='ocrx_word' id='word_1_90' title='bbox 1809 2022 1900 2062; x_wconf 91' lang='lat' dir='ltr'><strong><em>an</em></strong></span> <span class='ocrx_word' id='word_1_91' title='bbox 1930 2002 2215 2080; x_wconf 80' lang='lat' dir='ltr'><strong><em>corrupti</em></strong></span> <span class='ocrx_word' id='word_1_92' title='bbox 2247 2004 2398 2059; x_wconf 87' lang='lat' dir='ltr'><strong><em>sunt</em></strong></span> <span class='ocrx_word' id='word_1_93' title='bbox 2417 2041 2432 2071; x_wconf 89' lang='lat'>‚</span> 
     </span>
     <span class='ocr_line' id='line_1_14' title="bbox 463 2115 2435 2195; baseline -0.003 -19"><span class='ocrx_word' id='word_1_94' title='bbox 463 2118 685 2195; x_wconf 91' lang='lat' dir='ltr'><strong><em>quibus</em></strong></span> <span class='ocrx_word' id='word_1_95' title='bbox 726 2135 1113 2195; x_wconf 86' lang='lat' dir='ltr'><strong><em>persuasum</em></strong></span> <span class='ocrx_word' id='word_1_96' title='bbox 1171 2119 1253 2176; x_wconf 87' lang='lat' dir='ltr'><strong><em>sit</em></strong></span> <span class='ocrx_word' id='word_1_97' title='bbox 1298 2118 1746 2193; x_wconf 76' lang='lat' dir='ltr'><strong><em>foedissimum</em></strong></span> <span class='ocrx_word' id='word_1_98' title='bbox 1794 2119 2037 2177; x_wconf 86' lang='lat' dir='ltr'><strong><em>hostem</em></strong></span> <span class='ocrx_word' id='word_1_99' title='bbox 2085 2115 2435 2175; x_wconf 84' lang='lat' dir='ltr'><strong><em>iustissimo</em></strong></span> 
     </span>
     <span class='ocr_line' id='line_1_15' title="bbox 463 2231 2433 2312; baseline -0.002 -19"><span class='ocrx_word' id='word_1_100' title='bbox 463 2235 611 2294; x_wconf 85' lang='lat' dir='ltr'><strong><em>bello</em></strong></span> <span class='ocrx_word' id='word_1_101' title='bbox 653 2236 995 2312; x_wconf 69' lang='lat' dir='ltr'><strong><em>persequi?</em></strong></span> <span class='ocrx_word' id='word_1_102' title='bbox 1065 2235 1185 2302; x_wconf 72' lang='lat' dir='ltr'><strong><em>»At</em></strong></span> <span class='ocrx_word' id='word_1_103' title='bbox 1233 2234 1836 2295; x_wconf 80' lang='lat' dir='ltr'><strong><em>militibusinelusis</em></strong></span> <span class='ocrx_word' id='word_1_104' title='bbox 1867 2253 2048 2311; x_wconf 91' lang='lat' dir='ltr'><strong><em>opem</em></strong></span> <span class='ocrx_word' id='word_1_105' title='bbox 2073 2231 2322 2310; x_wconf 80' lang='lat' dir='ltr'><strong><em>fertis.”</em></strong></span> <span class='ocrx_word' id='word_1_106' title='bbox 2350 2263 2433 2274; x_wconf 92' lang='lat'><strong><em>--</em></strong></span> 
     </span>
     <span class='ocr_line' id='line_1_16' title="bbox 464 2342 2437 2427; baseline -0.001 -18"><span class='ocrx_word' id='word_1_107' title='bbox 464 2344 606 2410; x_wconf 84' lang='lat' dir='ltr'><strong><em>V.v.</em></strong></span> <span class='ocrx_word' id='word_1_108' title='bbox 640 2350 1070 2424; x_wconf 69' lang='lat' dir='ltr'><strong><em>Quid-sunt,</em></strong></span> <span class='ocrx_word' id='word_1_109' title='bbox 1123 2351 1818 2425; x_wconf 71' lang='lat' dir='ltr'><strong><em>Quoniam—venistis,</em></strong></span> <span class='ocrx_word' id='word_1_110' title='bbox 1844 2350 2204 2427; x_wconf 78' lang='lat' dir='ltr'><strong><em>At-fertis</em></strong></span> <span class='ocrx_word' id='word_1_111' title='bbox 2229 2342 2437 2408; x_wconf 83' lang='lat' dir='ltr'><strong><em>Anto-</em></strong></span> 
     </span>
     <span class='ocr_line' id='line_1_17' title="bbox 462 2461 2435 2548; baseline -0.002 -23"><span class='ocrx_word' id='word_1_112' title='bbox 462 2464 558 2526; x_wconf 90' lang='lat' dir='ltr'><strong><em>nii</em></strong></span> <span class='ocrx_word' id='word_1_113' title='bbox 581 2467 733 2528; x_wconf 90' lang='lat' dir='ltr'><strong><em>sunt</em></strong></span> <span class='ocrx_word' id='word_1_114' title='bbox 758 2465 826 2528; x_wconf 92' lang='lat' dir='ltr'><strong><em>in</em></strong></span> <span class='ocrx_word' id='word_1_115' title='bbox 850 2463 1137 2548; x_wconf 86' lang='lat' dir='ltr'><strong><em>epistola,</em></strong></span> <span class='ocrx_word' id='word_1_116' title='bbox 1168 2463 1246 2527; x_wconf 87' lang='lat' dir='ltr'><strong><em>ad</em></strong></span> <span class='ocrx_word' id='word_1_117' title='bbox 1269 2463 1560 2527; x_wconf 87' lang='lat' dir='ltr'><strong><em>Hirtium</em></strong></span> <span class='ocrx_word' id='word_1_118' title='bbox 1586 2466 1651 2527; x_wconf 88' lang='lat' dir='ltr'><strong><em>et</em></strong></span> <span class='ocrx_word' id='word_1_119' title='bbox 1676 2463 2010 2527; x_wconf 82' lang='lat' dir='ltr'><strong><em>Gaesarem</em></strong></span> <span class='ocrx_word' id='word_1_120' title='bbox 2031 2462 2205 2539; x_wconf 86' lang='lat' dir='ltr'><strong><em>data,</em></strong></span> <span class='ocrx_word' id='word_1_121' title='bbox 2256 2461 2435 2525; x_wconf 84' lang='lat' dir='ltr'><strong><em>euius</em></strong></span> 
     </span>
     <span class='ocr_line' id='line_1_18' title="bbox 465 2578 2434 2662; baseline -0.001 -21"><span class='ocrx_word' id='word_1_122' title='bbox 465 2579 749 2661; x_wconf 85' lang='lat' dir='ltr'><strong><em>singulas</em></strong></span> <span class='ocrx_word' id='word_1_123' title='bbox 795 2581 1007 2661; x_wconf 87' lang='lat' dir='ltr'><strong><em>partes</em></strong></span> <span class='ocrx_word' id='word_1_124' title='bbox 1055 2578 1274 2642; x_wconf 83' lang='lat' dir='ltr'><strong><em>Cicero</em></strong></span> <span class='ocrx_word' id='word_1_125' title='bbox 1322 2579 1604 2642; x_wconf 88' lang='lat' dir='ltr'><strong><em>oratione</em></strong></span> <span class='ocrx_word' id='word_1_126' title='bbox 1654 2580 1970 2662; x_wconf 87' lang='lat' dir='ltr'><strong><em>percurrit</em></strong></span> <span class='ocrx_word' id='word_1_127' title='bbox 2000 2582 2065 2642; x_wconf 89' lang='lat' dir='ltr'><strong><em>et</em></strong></span> <span class='ocrx_word' id='word_1_128' title='bbox 2088 2578 2434 2641; x_wconf 76' lang='lat' dir='ltr'><strong><em>examinat.</em></strong></span> 
     </span>
     <span class='ocr_line' id='line_1_19' title="bbox 472 2695 2440 2779; baseline 0 -21"><span class='ocrx_word' id='word_1_129' title='bbox 472 2699 1149 2770; x_wconf 79' lang='lat' dir='ltr'><strong><em>Quoniam—venistis</em></strong></span> <span class='ocrx_word' id='word_1_130' title='bbox 1197 2696 1424 2759; x_wconf 87' lang='lat' dir='ltr'><strong><em>mendo</em></strong></span> <span class='ocrx_word' id='word_1_131' title='bbox 1449 2696 1902 2773; x_wconf 75' lang='lat' dir='ltr'><strong><em>obscurantur,</em></strong></span> <span class='ocrx_word' id='word_1_132' title='bbox 1949 2696 2115 2779; x_wconf 81' lang='lat' dir='ltr'><strong><em>quod.</em></strong></span> <span class='ocrx_word' id='word_1_133' title='bbox 2137 2695 2440 2761; x_wconf 86' lang='lat' dir='ltr'><strong><em>facillime</em></strong></span> 
     </span>
     <span class='ocr_line' id='line_1_20' title="bbox 468 2808 2439 2892; baseline -0.001 -21"><span class='ocrx_word' id='word_1_134' title='bbox 468 2808 610 2872; x_wconf 90' lang='lat' dir='ltr'><strong><em>tolli</em></strong></span> <span class='ocrx_word' id='word_1_135' title='bbox 656 2829 836 2892; x_wconf 88' lang='lat' dir='ltr'><strong><em>posse</em></strong></span> <span class='ocrx_word' id='word_1_136' title='bbox 882 2809 1139 2872; x_wconf 86' lang='lat' dir='ltr'><strong><em>videtur</em></strong></span> <span class='ocrx_word' id='word_1_137' title='bbox 1187 2810 1243 2872; x_wconf 91' lang='lat' dir='ltr'><strong><em>si</em></strong></span> <span class='ocrx_word' id='word_1_138' title='bbox 1288 2812 1431 2892; x_wconf 87' lang='lat' dir='ltr'><strong><em>post</em></strong></span> <span class='ocrx_word' id='word_1_139' title='bbox 1476 2831 1582 2872; x_wconf 89' lang='lat' dir='ltr'><strong><em>vos</em></strong></span> <span class='ocrx_word' id='word_1_140' title='bbox 1630 2832 1727 2872; x_wconf 92' lang='lat' dir='ltr'><strong><em>eos</em></strong></span> <span class='ocrx_word' id='word_1_141' title='bbox 1774 2811 2013 2873; x_wconf 90' lang='lat' dir='ltr'><strong><em>inserto</em></strong></span> <span class='ocrx_word' id='word_1_142' title='bbox 2061 2814 2324 2872; x_wconf 90' lang='lat' dir='ltr'><strong><em>venistis</em></strong></span> <span class='ocrx_word' id='word_1_143' title='bbox 2371 2809 2439 2870; x_wconf 88' lang='lat' dir='ltr'><strong><em>in</em></strong></span> 
     </span>
     <span class='ocr_line' id='line_1_21' title="bbox 471 2925 2441 3005; baseline 0 -15"><span class='ocrx_word' id='word_1_144' title='bbox 471 2932 731 3004; x_wconf 86' lang='lat' dir='ltr'><strong><em>emistis,</em></strong></span> <span class='ocrx_word' id='word_1_145' title='bbox 779 2926 820 2988; x_wconf 90' lang='lat' dir='ltr'><strong><em>i.</em></strong></span> <span class='ocrx_word' id='word_1_146' title='bbox 871 2947 924 2988; x_wconf 92' lang='lat' dir='ltr'><strong><em>e.</em></strong></span> <span class='ocrx_word' id='word_1_147' title='bbox 977 2927 1378 3005; x_wconf 74' lang='lat' dir='ltr'><strong><em>corrupistiS,</em></strong></span> <span class='ocrx_word' id='word_1_148' title='bbox 1428 2928 1793 2991; x_wconf 74' lang='lat' dir='ltr'><strong><em>correxeris,</em></strong></span> <span class='ocrx_word' id='word_1_149' title='bbox 1889 2925 1981 2990; x_wconf 92' lang='lat' dir='ltr'><strong><em>At</em></strong></span> <span class='ocrx_word' id='word_1_150' title='bbox 2026 2927 2126 2991; x_wconf 85' lang='lat' dir='ltr'><strong><em>vel</em></strong></span> <span class='ocrx_word' id='word_1_151' title='bbox 2174 2926 2266 2991; x_wconf 89' lang='lat' dir='ltr'><strong><em>sic</em></strong></span> <span class='ocrx_word' id='word_1_152' title='bbox 2311 2947 2441 2990; x_wconf 90' lang='lat' dir='ltr'><strong><em>non</em></strong></span> 
     </span>
     <span class='ocr_line' id='line_1_22' title="bbox 470 3041 2435 3126; baseline -0.001 -21"><span class='ocrx_word' id='word_1_153' title='bbox 470 3046 616 3126; x_wconf 90' lang='lat' dir='ltr'><strong><em>apte</em></strong></span> <span class='ocrx_word' id='word_1_154' title='bbox 681 3041 1016 3105; x_wconf 88' lang='lat' dir='ltr'><strong><em>cohaerent</em></strong></span> <span class='ocrx_word' id='word_1_155' title='bbox 1062 3062 1182 3105; x_wconf 88' lang='lat' dir='ltr'><strong><em>nec</em></strong></span> <span class='ocrx_word' id='word_1_156' title='bbox 1230 3063 1374 3105; x_wconf 86' lang='lat' dir='ltr'><strong><em>cum</em></strong></span> <span class='ocrx_word' id='word_1_157' title='bbox 1420 3042 1942 3125; x_wconf 73' lang='lat' dir='ltr'><strong><em>praecedentibus</em></strong></span> <span class='ocrx_word' id='word_1_158' title='bbox 1988 3042 2290 3125; x_wconf 89' lang='lat' dir='ltr'><strong><em>epistolae</em></strong></span> <span class='ocrx_word' id='word_1_159' title='bbox 2336 3063 2435 3105; x_wconf 85' lang='lat' dir='ltr'><strong><em>vv.</em></strong></span> 
     </span>
     <span class='ocr_line' id='line_1_23' title="bbox 470 3160 2437 3242; baseline 0.001 -24"><span class='ocrx_word' id='word_1_160' title='bbox 470 3160 691 3238; x_wconf 89' lang='lat' dir='ltr'><strong><em>quibus</em></strong></span> <span class='ocrx_word' id='word_1_161' title='bbox 760 3161 981 3219; x_wconf 89' lang='lat' dir='ltr'><strong><em>omnia</em></strong></span> <span class='ocrx_word' id='word_1_162' title='bbox 1049 3162 1259 3220; x_wconf 87' lang='lat' dir='ltr'><strong><em>adhuc</em></strong></span> <span class='ocrx_word' id='word_1_163' title='bbox 1327 3162 1581 3239; x_wconf 73' lang='lat' dir='ltr'><strong><em>inteqra</em></strong></span> <span class='ocrx_word' id='word_1_164' title='bbox 1641 3167 1822 3231; x_wconf 85' lang='lat' dir='ltr'><strong><em>sunt,</em></strong></span> <span class='ocrx_word' id='word_1_165' title='bbox 1897 3179 2015 3222; x_wconf 87' lang='lat' dir='ltr'><strong><em>nec</em></strong></span> <span class='ocrx_word' id='word_1_166' title='bbox 2076 3180 2222 3222; x_wconf 89' lang='lat' dir='ltr'><strong><em>cum</em></strong></span> <span class='ocrx_word' id='word_1_167' title='bbox 2268 3179 2437 3242; x_wconf 86' lang='lat' dir='ltr'><strong><em>seqq.</em></strong></span> 
     </span>
     <span class='ocr_line' id='line_1_24' title="bbox 470 3273 2446 3350; baseline 0 -15"><span class='ocrx_word' id='word_1_168' title='bbox 470 3275 553 3336; x_wconf 91' lang='lat' dir='ltr'><strong><em>At</em></strong></span> <span class='ocrx_word' id='word_1_169' title='bbox 627 3276 958 3336; x_wconf 86' lang='lat' dir='ltr'><strong><em>militibus.</em></strong></span> <span class='ocrx_word' id='word_1_170' title='bbox 1054 3273 1255 3350; x_wconf 82' lang='lat' dir='ltr'><strong><em>Quam</em></strong></span> <span class='ocrx_word' id='word_1_171' title='bbox 1325 3273 1404 3337; x_wconf 89' lang='lat' dir='ltr'><strong><em>ob</em></strong></span> <span class='ocrx_word' id='word_1_172' title='bbox 1473 3295 1607 3337; x_wconf 89' lang='lat' dir='ltr'><strong><em>rem</em></strong></span> <span class='ocrx_word' id='word_1_173' title='bbox 1654 3295 1754 3337; x_wconf 85' lang='lat' dir='ltr'><strong><em>vv.</em></strong></span> <span class='ocrx_word' id='word_1_174' title='bbox 1807 3296 1953 3337; x_wconf 89' lang='lat' dir='ltr'><strong><em>cum</em></strong></span> <span class='ocrx_word' id='word_1_175' title='bbox 1999 3283 2261 3337; x_wconf 88' lang='lat' dir='ltr'><strong><em>tantum</em></strong></span> <span class='ocrx_word' id='word_1_176' title='bbox 2308 3283 2446 3337; x_wconf 89' lang='lat' dir='ltr'><strong><em>stu-</em></strong></span> 
     </span>
     <span class='ocr_line' id='line_1_25' title="bbox 470 3362 2440 3473; baseline 0.001 -18"><span class='ocrx_word' id='word_1_177' title='bbox 470 3362 661 3455; x_wconf 57' lang='lat' dir='ltr'><strong><em>dium.</em></strong></span> <span class='ocrx_word' id='word_1_178' title='bbox 725 3414 1221 3473; x_wconf 85' lang='lat' dir='ltr'><strong><em>consensumque</em></strong></span> <span class='ocrx_word' id='word_1_179' title='bbox 1291 3396 1687 3455; x_wconf 84' lang='lat' dir='ltr'><strong><em>ostenderint</em></strong></span> <span class='ocrx_word' id='word_1_180' title='bbox 1755 3389 2039 3456; x_wconf 84' lang='lat' dir='ltr'><strong><em>Antonio</em></strong></span> <span class='ocrx_word' id='word_1_181' title='bbox 2103 3391 2440 3456; x_wconf 84' lang='lat' dir='ltr'><strong><em>tribuenda</em></strong></span> 
     </span>
     <span class='ocr_line' id='line_1_26' title="bbox 469 3506 2439 3593; baseline 0 -21"><span class='ocrx_word' id='word_1_182' title='bbox 469 3509 783 3582; x_wconf 66' lang='lat' dir='ltr'><strong><em>existima</em></strong></span> <span class='ocrx_word' id='word_1_183' title='bbox 898 3506 1248 3593; x_wconf 82' lang='lat' dir='ltr'><strong><em>Scripserat</em></strong></span> <span class='ocrx_word' id='word_1_184' title='bbox 1315 3510 1625 3574; x_wconf 89' lang='lat' dir='ltr'><strong><em>nimirum</em></strong></span> <span class='ocrx_word' id='word_1_185' title='bbox 1695 3506 2016 3574; x_wconf 87' lang='lat' dir='ltr'><strong><em>Antonius</em></strong></span> <span class='ocrx_word' id='word_1_186' title='bbox 2035 3558 2050 3588; x_wconf 87' lang='lat'>‚</span> <span class='ocrx_word' id='word_1_187' title='bbox 2121 3510 2439 3574; x_wconf 84' lang='lat' dir='ltr'><strong><em>veteranis</em></strong></span> 
     </span>
     <span class='ocr_line' id='line_1_27' title="bbox 469 3623 2438 3708; baseline -0.001 -21"><span class='ocrx_word' id='word_1_188' title='bbox 469 3624 682 3688; x_wconf 91' lang='lat' dir='ltr'><strong><em>omnia</em></strong></span> <span class='ocrx_word' id='word_1_189' title='bbox 727 3623 930 3689; x_wconf 86' lang='lat' dir='ltr'><strong><em>adhuc</em></strong></span> <span class='ocrx_word' id='word_1_190' title='bbox 977 3624 1230 3708; x_wconf 83' lang='lat' dir='ltr'><strong><em>integra</em></strong></span> <span class='ocrx_word' id='word_1_191' title='bbox 1276 3645 1411 3688; x_wconf 88' lang='lat' dir='ltr'><strong><em>esse</em></strong></span> <span class='ocrx_word' id='word_1_192' title='bbox 1430 3672 1445 3701; x_wconf 93' lang='lat'>,</span> <span class='ocrx_word' id='word_1_193' title='bbox 1492 3625 1574 3688; x_wconf 87' lang='lat' dir='ltr'><strong><em>iis</em></strong></span> <span class='ocrx_word' id='word_1_194' title='bbox 1594 3672 1608 3701; x_wconf 90' lang='lat'>‚</span> <span class='ocrx_word' id='word_1_195' title='bbox 1656 3625 1871 3687; x_wconf 79' lang='lat' dir='ltr'><strong><em>neutri</em></strong></span> <span class='ocrx_word' id='word_1_196' title='bbox 1917 3624 2087 3708; x_wconf 87' lang='lat' dir='ltr'><strong><em>parti</em></strong></span> <span class='ocrx_word' id='word_1_197' title='bbox 2131 3623 2402 3688; x_wconf 73' lang='lat' dir='ltr'><strong><em>addictis</em></strong></span> <span class='ocrx_word' id='word_1_198' title='bbox 2423 3670 2438 3700; x_wconf 89' lang='lat'>‚</span> 
     </span>
     <span class='ocr_line' id='line_1_28' title="bbox 469 3737 2438 3822; baseline 0.002 -23"><span class='ocrx_word' id='word_1_199' title='bbox 469 3737 675 3802; x_wconf 87' lang='lat' dir='ltr'><strong><em>facere</em></strong></span> <span class='ocrx_word' id='word_1_200' title='bbox 720 3738 947 3815; x_wconf 88' lang='lat' dir='ltr'><strong><em>licere,</em></strong></span> <span class='ocrx_word' id='word_1_201' title='bbox 995 3738 1430 3822; x_wconf 86' lang='lat' dir='ltr'><strong><em>quodcumque</em></strong></span> <span class='ocrx_word' id='word_1_202' title='bbox 1476 3738 1735 3802; x_wconf 84' lang='lat' dir='ltr'><strong><em>vellent.</em></strong></span> <span class='ocrx_word' id='word_1_203' title='bbox 1788 3738 1922 3814; x_wconf 80' lang='lat' dir='ltr'><strong><em>Quo</em></strong></span> <span class='ocrx_word' id='word_1_204' title='bbox 1948 3737 2198 3819; x_wconf 77' lang='lat' dir='ltr'><strong><em>Cicero:</em></strong></span> <span class='ocrx_word' id='word_1_205' title='bbox 2247 3739 2438 3802; x_wconf 92' lang='lat' dir='ltr'><strong><em>immo</em></strong></span> 
     </span>
     <span class='ocr_line' id='line_1_29' title="bbox 469 3850 2436 3938; baseline 0.003 -27"><span class='ocrx_word' id='word_1_206' title='bbox 469 3850 634 3913; x_wconf 90' lang='lat' dir='ltr'><strong><em>nihil</em></strong></span> <span class='ocrx_word' id='word_1_207' title='bbox 702 3854 836 3914; x_wconf 89' lang='lat' dir='ltr'><strong><em>tam</em></strong></span> <span class='ocrx_word' id='word_1_208' title='bbox 907 3852 988 3914; x_wconf 88' lang='lat' dir='ltr'><strong><em>iis</em></strong></span> <span class='ocrx_word' id='word_1_209' title='bbox 1057 3852 1240 3929; x_wconf 86' lang='lat' dir='ltr'><strong><em>licet,</em></strong></span> <span class='ocrx_word' id='word_1_210' title='bbox 1311 3874 1500 3935; x_wconf 90' lang='lat' dir='ltr'><strong><em>quam</em></strong></span> <span class='ocrx_word' id='word_1_211' title='bbox 1562 3853 2005 3936; x_wconf 85' lang='lat' dir='ltr'><strong><em>imperatorem</em></strong></span> <span class='ocrx_word' id='word_1_212' title='bbox 2052 3874 2436 3938; x_wconf 84' lang='lat' dir='ltr'><strong><em>oppugnare.</em></strong></span> 
     </span>
     <span class='ocr_line' id='line_1_30' title="bbox 470 3964 2438 4049; baseline 0.003 -21"><span class='ocrx_word' id='word_1_213' title='bbox 470 3964 694 4049; x_wconf 85' lang='lat' dir='ltr'><strong><em>Pergit</em></strong></span> <span class='ocrx_word' id='word_1_214' title='bbox 738 3964 1092 4032; x_wconf 81' lang='lat' dir='ltr'><strong><em>Antonius:</em></strong></span> <span class='ocrx_word' id='word_1_215' title='bbox 1144 3968 1282 4032; x_wconf 86' lang='lat' dir='ltr'><strong><em>ideo</em></strong></span> <span class='ocrx_word' id='word_1_216' title='bbox 1328 3969 1501 4032; x_wconf 91' lang='lat' dir='ltr'><strong><em>enim</em></strong></span> <span class='ocrx_word' id='word_1_217' title='bbox 1543 3972 1799 4034; x_wconf 88' lang='lat' dir='ltr'><strong><em>tantum</em></strong></span> <span class='ocrx_word' id='word_1_218' title='bbox 1846 3970 2127 4034; x_wconf 87' lang='lat' dir='ltr'><strong><em>studium</em></strong></span> <span class='ocrx_word' id='word_1_219' title='bbox 2159 3992 2438 4040; x_wconf 81' lang='lat' dir='ltr'><strong><em>,consen-</em></strong></span> 
     </span>
     <span class='ocr_line' id='line_1_31' title="bbox 473 4085 2438 4170; baseline 0.004 -27"><span class='ocrx_word' id='word_1_220' title='bbox 473 4102 735 4166; x_wconf 91' lang='lat' dir='ltr'><strong><em>sumque</em></strong></span> <span class='ocrx_word' id='word_1_221' title='bbox 781 4085 1119 4170; x_wconf 85' lang='lat' dir='ltr'><strong><em>(veterani)</em></strong></span> <span class='ocrx_word' id='word_1_222' title='bbox 1165 4085 1608 4163; x_wconf 86' lang='lat' dir='ltr'><strong><em>ostenderunt,</em></strong></span> <span class='ocrx_word' id='word_1_223' title='bbox 1680 4108 1877 4170; x_wconf 90' lang='lat' dir='ltr'><strong><em>quum</em></strong></span> <span class='ocrx_word' id='word_1_224' title='bbox 1920 4107 2030 4151; x_wconf 84' lang='lat' dir='ltr'><strong><em>vos</em></strong></span> <span class='ocrx_word' id='word_1_225' title='bbox 2077 4108 2182 4151; x_wconf 89' lang='lat' dir='ltr'><strong><em>eos</em></strong></span> <span class='ocrx_word' id='word_1_226' title='bbox 2229 4108 2438 4152; x_wconf 87' lang='lat' dir='ltr'><strong><em>corru-</em></strong></span> 
     </span>
     <span class='ocr_line' id='line_1_32' title="bbox 472 4197 2431 4282; baseline 0.003 -22"><span class='ocrx_word' id='word_1_227' title='bbox 472 4197 677 4279; x_wconf 78' lang='lat' dir='ltr'><strong><em>pistiS.</em></strong></span> <span class='ocrx_word' id='word_1_228' title='bbox 769 4198 894 4264; x_wconf 89' lang='lat' dir='ltr'><strong><em>Pro</em></strong></span> <span class='ocrx_word' id='word_1_229' title='bbox 948 4201 1236 4282; x_wconf 86' lang='lat' dir='ltr'><strong><em>sequenti</em></strong></span> <span class='ocrx_word' id='word_1_230' title='bbox 1282 4224 1371 4264; x_wconf 90' lang='lat' dir='ltr'><strong><em>an</em></strong></span> <span class='ocrx_word' id='word_1_231' title='bbox 1417 4221 1563 4265; x_wconf 87' lang='lat' dir='ltr'><strong><em>cum</em></strong></span> <span class='ocrx_word' id='word_1_232' title='bbox 1609 4200 1900 4265; x_wconf 90' lang='lat' dir='ltr'><strong><em>Weiskio</em></strong></span> <span class='ocrx_word' id='word_1_233' title='bbox 1945 4211 2063 4265; x_wconf 88' lang='lat' dir='ltr'><strong><em>aut</em></strong></span> <span class='ocrx_word' id='word_1_234' title='bbox 2108 4202 2431 4266; x_wconf 88' lang='lat' dir='ltr'><strong><em>substitui.</em></strong></span> 
     </span>
     <span class='ocr_line' id='line_1_33' title="bbox 472 4311 2437 4401; baseline 0.003 -25"><span class='ocrx_word' id='word_1_235' title='bbox 472 4311 841 4398; x_wconf 86' lang='lat' dir='ltr'><strong><em>Legendum</em></strong></span> <span class='ocrx_word' id='word_1_236' title='bbox 888 4317 1088 4401; x_wconf 86' lang='lat' dir='ltr'><strong><em>igitur</em></strong></span> <span class='ocrx_word' id='word_1_237' title='bbox 1131 4320 1260 4383; x_wconf 84' lang='lat' dir='ltr'><strong><em>est:</em></strong></span> <span class='ocrx_word' id='word_1_238' title='bbox 1337 4321 1548 4393; x_wconf 74' lang='lat' dir='ltr'><strong><em>»Quid</em></strong></span> <span class='ocrx_word' id='word_1_239' title='bbox 1567 4323 1600 4379; x_wconf 73' lang='lat' dir='ltr'><em>P</em></span> <span class='ocrx_word' id='word_1_240' title='bbox 1644 4323 1757 4382; x_wconf 88' lang='lat' dir='ltr'><strong><em>hoc</em></strong></span> <span class='ocrx_word' id='word_1_241' title='bbox 1802 4321 2089 4399; x_wconf 81' lang='lat' dir='ltr'><strong><em>placetne</em></strong></span> <span class='ocrx_word' id='word_1_242' title='bbox 2123 4320 2437 4382; x_wconf 82' lang='lat' dir='ltr'><strong><em>veteranis</em></strong></span> 
     </span>
    </p>
   </div>
  </div>
 </body>
</html>
