3142 5167
1425 538 1508 599 53

410 739 417 746 ’
482 741 591 805 ubi
659 740 947 804 ludorum
1013 741 1330 824 praesides
1399 741 1708 805 sederent.
1804 741 2064 804 Rationi
2110 743 2440 805 consenta-

483 880 673 921 neum
741 861 876 945 erat
942 857 1120 921 ludos
1138 907 1152 935 ‚
1222 858 1656 922 administrari
1711 858 1787 922 de
1833 880 1907 922 eo
1950 858 2084 922 1000
2103 906 2117 935 ,
2187 857 2263 921 de
2320 878 2441 941 quo

482 996 728 1058 semper
773 958 1436 1053 administrarentur,
1508 976 1549 1039 i.
1626 997 1677 1039 e.
1750 976 1826 1039 de
1893 975 2216 1039 tribunali.
2329 972 2443 1037 Nil

482 1112 635 1175 opus
702 1092 829 1154 fuit
896 1092 1030 1155 eius
1094 1093 1188 1155 rei
1248 1092 1638 1156 mentionem
1685 1090 1879 1154 ullam
1925 1092 2179 1155 inicere.
2274 1088 2442 1154 Satis
2532 1159 2537 1163 ,

481 1231 629 1294 ergo
675 1209 1078 1293 perspicuum
1126 1211 1222 1272 est
1266 1209 1475 1273 locum
1520 1208 1749 1272 mendo
1786 1208 2123 1273 obscurari.
2216 1204 2439 1290 Neque

479 1325 545 1388 id
612 1324 866 1389 difficile
935 1325 1188 1389 sublatu
1235 1326 1544 1389 existima
1639 1323 1797 1389 Fere
1844 1346 1973 1390 non
2018 1324 2237 1388 dubito
2283 1324 2440 1407 quin

478 1438 815 1506 Suetonius
832 1442 1181 1525 scripserit:
1211 1445 1543 1524 Maqistros
1568 1446 1684 1503 toti
1707 1446 2048 1504 certamini
2067 1444 2443 1522 praeposuit

479 1562 848 1622 consulares
886 1570 1101 1631 octo,
1143 1564 1457 1623 sedecim
1492 1570 1968 1634 praetorios·
2032 1556 2152 1620 Oui
2181 1556 2443 1620 lectioni

479 1697 606 1739 non
650 1676 878 1740 leviter
921 1679 1130 1742 favere
1164 1680 1360 1743 'credo
1406 1680 1571 1763 quod
1616 1679 2019 1743 Torrentium
2063 1676 2213 1740 olim
2244 1695 2441 1739 anno-

477 1793 646 1856 tasse
706 1794 887 1858 video
902 1845 920 1874 ,
986 1795 1184 1858 {uisse
1229 1796 1338 1879 qui
1384 1797 1454 1859 in
1499 1797 1701 1859 veteri
1750 1795 1878 1860 cod.
1930 1798 2036 1858 sed
2083 1801 2142 1856 et
2184 1799 2439 1873 praeto-

361 1983 367 1988 *
477 1913 605 1970 rios
650 1907 940 1996 legerint.

566 2020 723 2086 Ibid.
804 2045 854 2087 0.
945 2024 1027 2087 20
1114 2026 1454 2087 narrantur
1544 2046 1703 2108 quae
1793 2023 1966 2087 Nero
2053 2019 2443 2098 factitaverit

478 2138 578 2202 vel
645 2142 1110 2205 conservandae
1179 2142 1350 2205 vocis
1420 2162 1606 2205 causa
1651 2142 1752 2205 vel
1800 2139 2157 2225 augendae:
2228 2143 2335 2202 sed
2382 2146 2442 2201 et

471 2259 836 2338 plumbeam
913 2263 1206 2321 chartam
1282 2243 1553 2340 supinus
1622 2266 1873 2340 pectore
1949 2261 2263 2320 sustinere
2290 2302 2305 2332 ,
2380 2264 2440 2317 et

477 2376 736 2455 clystere
781 2381 1146 2459 vomituque
1184 2380 1461 2457 purqari
1478 2424 1496 2453 ,
1546 2384 1607 2437 et
1654 2377 1968 2437 abstinere
2007 2377 2216 2455 pomis
2261 2375 2440 2435 cibis-

477 2513 593 2574 que
660 2495 1096 2572 officientibus.
1146 2530 1227 2540 --
1277 2489 1489 2555 Verbo
1540 2513 1796 2555 monere
1843 2478 2109 2566 sufficit,
2178 2490 2438 2573 opinor,

479 2603 779 2670 Suetonio
819 2613 1069 2689 potibus
1117 2613 1386 2693 cibisque
1430 2608 1819 2673 reddendum
1864 2629 1998 2671 esse
2019 2656 2033 2684 ,
2106 2607 2235 2670 nisi
2280 2606 2441 2670 forte

481 2723 621 2803 quis
667 2743 854 2806 poma
900 2746 1030 2788 11011
1077 2726 1246 2789 inter
1293 2726 1462 2790 cibos
1510 2726 1903 2790 numeranda
1946 2729 2146 2809 putet.

568 2837 728 2901 Ibid.
804 2843 925 2904 41:
1022 2845 1338 2916 Quosdam
1409 2865 1441 2904 e
1503 2847 1893 2923 primoribus
1932 2830 2118 2906 ,viris
2177 2847 2443 2906 domum

482 2959 789 3031 evocavit,
876 2964 1327 3043 transactaque
1407 2962 1651 3038 raptim
1720 2960 2179 3021 consultatione
2200 3005 2216 3034 ,
2293 2960 2440 3020 reli-

480 3091 674 3154 quam
742 3074 871 3132 diei
934 3080 1191 3152 partem
1254 3095 1373 3153 per
1438 3093 1681 3153 orqana
1741 3074 2123 3152 hydraulica
2183 3076 2332 3134 novi
2378 3081 2439 3134 et

480 3189 677 3266 iqnoti
746 3191 991 3267 qeneris
1037 3191 1472 3250 circumduxit
1518 3191 1974 3273 ostendensque
2020 3190 2275 3269 sinqula
2293 3235 2308 3265 ,
2364 3191 2442 3250 de

479 3306 729 3364 ratione
797 3324 872 3364 ac
939 3305 1324 3383 difficultate
1392 3307 1696 3387 cuiusque
1763 3306 2076 3365 disserens
2144 3310 2283 3365 cett.
2358 3338 2441 3349 --

479 3416 779 3494 Minime,
859 3418 1113 3501 opinor,
1188 3416 1359 3483 Nero
1438 3440 1583 3483 cum
1638 3418 1972 3483 comitibus
2021 3418 2317 3482 disseruit
2364 3418 2439 3483 de

476 3534 722 3598 ratione
791 3556 864 3596 ac
932 3538 1349 3616 difficultate,
1420 3535 1529 3598 sed
1576 3540 1654 3598 de
1699 3538 1948 3597 ratione
1993 3557 2082 3624 ac—
2112 3539 2188 3598 de
2233 3538 2437 3614 facul-

477 3658 607 3714 tate
676 3651 716 3712 i.
770 3671 821 3713 e.
874 3649 949 3713 de
997 3651 1060 3713 vi
1107 3673 1180 3715 ac
1227 3652 1536 3734 potestate
1586 3648 1983 3734 singularum
2028 3649 2252 3733 organi
2296 3670 2442 3732 par-

476 3767 656 3831 tium.

565 3883 725 3948 Ibid.
778 3887 900 3949 56:
971 3883 1197 3970 [Deam
1243 3881 1518 3968 Syriam]
1565 3906 1715 3948 mox
1740 3933 1753 3947 .
1780 3932 1794 3948 .
1824 3932 1838 3946 .
1888 3888 2163 3966 sprevit.
2195 3932 2209 3947 .
2239 3931 2253 3946 .
2304 3888 2438 3948 alia

478 4007 924 4081 superstitione
992 4011 1215 4084 captus
1242 4051 1255 4065 .
1287 4051 1300 4065 .
1332 4052 1345 4065 .
1405 4006 1738 4088 Siquidem
1784 4005 2149 4066 icunculam
2189 4006 2436 4085 puella-

478 4137 613 4178 rem
640 4165 830 4182 .....
898 4141 1018 4201 pro
1087 4141 1335 4182 summo
1380 4124 1654 4183 numine
1677 4167 1691 4181 .
1722 4168 1734 4181 .
1770 4167 1784 4181 .
1835 4121 2029 4182 colere
2068 4142 2434 4201 persevera-

478 4237 585 4297 vit.
639 4271 720 4282 —
768 4233 1066 4300 Mutilam
1111 4257 1327 4302 vocem
1372 4241 1526 4322 puto
1572 4242 1937 4304 icunculam
1964 4289 1979 4319 ,
2049 4261 2206 4324 quae
2253 4259 2431 4323 prae-

475 4350 574 4411 ter
617 4350 735 4415 hoc
779 4351 913 4418 loco
956 4355 1123 4438 apud
1162 4356 1410 4421 nullum
1440 4358 1812 4441 scriptorem
1842 4381 2108 4444 usquam
2138 4358 2428 4424 occurrit.
