3142 5167
1448 570 1573 616 xm

606 743 839 830 Agmen
888 750 1187 811 claudunt
1250 751 1458 812 Cicero
1501 759 1562 812 et
1605 752 1855 827 Caesar,
1920 754 1997 815 ad
2037 768 2192 835 'quos
2235 758 2491 836 paucula

526 906 868 968 adversaria
926 905 1094 966 velut
1159 906 1223 966 in
1287 907 1597 967 cumulum
1664 906 1889 966 addidi.
1989 907 2099 967 His
2160 908 2487 987 benignam

521 1041 854 1138 legentium
921 1059 1404 1119 aestimationem
1473 1057 1567 1117 vel
1637 1057 1902 1118 maxime
1961 1058 2198 1137 flagitO,
2265 1031 2488 1140 quippe

515 1231 676 1297 ⁴quae
714 1213 932 1274 ceteris
972 1213 1281 1293 aliquanto
1325 1174 1558 1272 diutius
1598 1212 1662 1270 in
1703 1211 1943 1273 scriniis
1970 1213 2281 1274 latuerint.
2354 1187 2486 1276 Iam

470 1447 476 1451 Ι
523 1383 593 1425 eo
644 1365 808 1425 enim
847 1371 1119 1445 tempore
1161 1364 1514 1425 elucubrata
1552 1372 1727 1437 sunt,
1798 1384 1918 1444 quo
1959 1366 2087 1427 fere
2129 1369 2518 1449 peregrinus.

524 1527 714 1599 atque
743 1522 962 1601 hospes
987 1520 1064 1581 ad
1092 1520 1406 1582 literarum
1438 1520 1793 1581 Latinarum
1828 1522 2097 1582 studium
2122 1522 2486 1587 accederem.

533 1638 537 1641 ῃ
605 1673 695 1733 De
721 1673 821 1733 via
847 1679 913 1731 et
936 1671 1194 1745 ratione,
1237 1690 1422 1750 quam
1443 1671 1508 1730 in
1530 1670 1892 1731 adversariis
1923 1670 2213 1732 faciendis
2242 1678 2486 1733 secutus

528 1846 694 1902 sum,
735 1828 950 1904 longus
992 1843 1122 1885 esse
1147 1825 1304 1887 nolo.
1348 1822 1549 1893 Quum
1573 1843 1696 1884 non
1718 1842 1819 1884 eas
1848 1843 2087 1905 semper
2116 1825 2481 1904 scriptorum

525 1980 814 2041 editiones
854 1979 933 2039 ad
973 1996 1220 2039 manum
1261 1977 1549 2037 haberem
1565 2022 1579 2050 ,
1624 1977 1689 2036 in
1732 1977 1950 2056 quibus
1979 1978 2180 2038 variae
2206 1978 2479 2039 codicum

520 2134 802 2195 lectiones
843 2132 1007 2193 fideli
1049 2131 1388 2192 constantia
1428 2129 1872 2204 indicarentur,
1923 2131 2122 2192 nescio
2165 2150 2243 2191 an
2284 2132 2479 2192 multa

516 2273 871 2368 protulerim
888 2330 903 2361 ,
965 2285 1447 2366 reprehensionis
1517 2301 1727 2345 ansam
1793 2284 1867 2344 iis
1909 2284 2298 2363 praebentia,
2371 2285 2475 2365 qui

514 2437 865 2499 melioribus
904 2435 1219 2516 praesidiis
1262 2435 1577 2507 instructi,
1622 2435 1700 2495 ad
1740 2435 1985 2495 eosdem
2011 2435 2340 2515 scriptores
2362 2437 2476 2496 cri-

513 2591 636 2652 tica
677 2590 916 2651 ratione
953 2590 1303 2664 tractandos
1341 2607 1408 2650 se
1449 2588 1786 2667 accingant.
1872 2588 1998 2651 Nec
2041 2589 2324 2665 deerunt,
2370 2591 2476 2671 qui

516 2745 592 2805 ob
650 2745 715 2805 id
772 2745 973 2824 ipsum
1033 2745 1301 2805 frontem
1365 2744 1728 2804 contrahant
1787 2743 2024 2823 levique
2088 2762 2184 2804 me
2226 2744 2473 2806 brachio

515 2873 864 2974 obiurgent,
936 2895 1098 2975 quod
1162 2896 1258 2955 vel
1299 2894 1386 2955 sic
1427 2895 1818 2975 antiquorum
1860 2894 2102 2974 scriptis
2142 2894 2471 2975 purgandis

512 3067 726 3110 manus
765 3048 1084 3109 admovere
1126 3065 1304 3108 ausus
1346 3047 1476 3107 sim.
1561 3046 1723 3109 Satis
1766 3047 1945 3109 multi
1989 3047 2152 3107 enim
2192 3048 2469 3110 homines

513 3210 682 3278 sunt,
725 3203 962 3264 hebetis
1003 3199 1286 3280 tardique
1328 3199 1589 3279 ingenii,
1634 3200 1741 3279 qui
1783 3218 1820 3260 a
1861 3205 2137 3260 veterum
2180 3198 2476 3262 librorum

510 3361 811 3442 scriptura
870 3362 964 3421 vel
1025 3367 1440 3421 transversum
1493 3378 1762 3438 unguem
1803 3358 2111 3420 discedere
2152 3367 2473 3435 verentur,

511 3514 748 3608 etiamsi
789 3514 1172 3575 somniculosi
1214 3514 1309 3573 vel
1351 3514 1673 3574 temulenti
1704 3513 1937 3574 librarii
1964 3513 2237 3574 incertae
2256 3531 2472 3574 manus

512 3667 675 3728 haud
744 3666 926 3727 dubia
993 3665 1304 3726 interdum
1375 3665 1631 3744 vestigia
1694 3664 2063 3745 deprehendi
2105 3671 2358 3744 possunt
2400 3662 2471 3748 ⁴).

513 3822 684 3883 Alius
731 3821 923 3894 aliud,
986 3839 1095 3900 ego
1138 3802 1369 3882 rectam
1410 3812 1709 3881 rationem
1752 3828 1814 3881 et
1854 3820 2158 3898 integram
2200 3838 2468 3880 sensum·
2543 3835 2547 3837 ’

514 3997 628 4057 que
668 3994 1048 4064 communem
1089 3977 1375 4038 certiores
1406 3978 1649 4038 omnino
1679 3976 2102 4055 firmioresque
2132 3975 2263 4035 viae
2286 3974 2466 4035 duces

577 4190 630 4255 *)
664 4192 741 4243 cf.
778 4192 1124 4254 wattenbach,
1162 4194 1278 4244 Anl.
1314 4211 1359 4245 z.
1400 4195 1507 4243 Lat.
1545 4193 1924 4270 Palaeographie
1957 4211 2012 4259 -Ρ,
2041 4193 2103 4240 33
2119 4230 2133 4250 ,
2169 4189 2252 4240 ubi
2275 4190 2466 4241 librarii

511 4312 774 4380 exemplum
804 4314 979 4365 citatur
1011 4315 1228 4380 ingenue,
1249 4315 1431 4365 scilicet
1465 4314 1757 4386 profitentis:
1818 4336 1840 4355 n
1848 4313 2063 4363 Multum
2095 4313 2218 4363 male
2251 4313 2463 4385 scripsi,

511 4438 624 4505 quia
654 4438 858 4492 multum
896 4439 1010 4489 bene
1043 4435 1226 4504 bipsi.”
