3142 5167
1657 508 1739 570 60

715 709 827 792 qui
871 710 1010 772 octo
1053 708 1325 793 pingues
1371 709 1705 789 invitaret,
1752 711 1944 774 simul
1973 714 2112 777 octo
2144 733 2389 776 macros
2418 732 2670 796 rogasse

715 827 1106 910 suspicemur
1119 825 1150 887 ‘i‘

791 941 887 1007 Jn
929 942 1063 1006 eod.
1112 964 1246 1027 cap.
1295 943 1330 1027 ἓ
1377 945 1416 1008 6
1462 943 1736 1029 legitur:
1778 949 2170 1027 proponebat
2207 955 2549 1027 praeterea
2576 949 2675 1008 his

717 1067 901 1147 quasi
970 1067 1257 1126 themata
1273 1110 1289 1142 ‚
1364 1075 1441 1127 ut
1513 1066 1666 1128 iura
1739 1086 1906 1128 nova
1970 1068 2240 1146 dapibus
2307 1067 2678 1127 condiendis

716 1171 1099 1246 invenirent.
1168 1186 1350 1247 cuius
1412 1186 1756 1264 placuisset
1827 1190 2259 1247 commentum
2276 1229 2292 1261 ,
2360 1187 2419 1244 ei
2486 1184 2677 1245 dabat

718 1302 1086 1362 maaeimum
1141 1303 1533 1380 praemium.
1588 1333 1670 1349 —-
1716 1297 2131 1363 Manifesfium
2175 1299 2272 1362 est
2316 1302 2688 1361 condimen-

720 1422 861 1478 tum
907 1412 1252 1498 legendum
1297 1435 1452 1478 esse.

811 1529 879 1594 O.
931 1531 1013 1595 30
1032 1577 1048 1609 ‚
1099 1534 1173 1594 4:
1243 1532 1586 1594 Celebravit
1631 1536 1786 1594 item
1832 1533 1960 1594 tale
2004 1536 2367 1596 convivium
2413 1539 2490 1594 ut
2511 1532 2690 1612 apud

722 1650 958 1709 amicos
1028 1634 1306 1727 sinqulos
1374 1649 1613 1729 singuli
1681 1651 1913 1711 missus
1998 1657 2480 1729 appararentur
2502 1694 2517 1723 ‚
2592 1655 2654 1709 et
2674 1693 2689 1724 ‚

724 1785 870 1826 cum
933 1765 1097 1825 alter
1166 1771 1456 1825 maneret
1522 1768 1595 1826 in
1659 1765 1965 1845 Capitolio
1985 1812 2000 1841 ‚
2071 1766 2235 1827 alter
2281 1768 2352 1826 in
2399 1766 2652 1825 Palatio
2676 1809 2692 1841 ‚

724 1880 888 1940 alter
954 1899 1146 1960 super
1211 1899 1503 1960 a99erem
1520 1925 1536 1956 ‚
1606 1882 1771 1942 alter
1838 1884 1909 1942 in
1983 1881 2190 1942 Caelio
2209 1925 2225 1957 ‚
2295 1881 2459 1941 alter
2503 1887 2687 1940 trans
2747 1934 2752 1938 .

731 1996 1004 2056 Tiberim
1023 2040 1038 2069 ‚
1107 2001 1166 2055 et
1232 2001 1307 2057 ut
1351 1999 1611 2080 quisque
1659 1999 1998 2079 mansisset
2016 2042 2030 2071 ,
2090 2002 2309 2056 tamen
2350 2015 2469 2074 per
2514 1996 2686 2084 ordi-

720 2132 872 2173 nem
939 2113 1010 2171 in
1079 2131 1299 2173 eorum
1366 2113 1654 2178 domibus
1717 2113 1971 2192 sinqula
2016 2111 2264 2189 fereula
2308 2111 2648 2170 ederentur
2667 2152 2682 2183 ‚

721 2233 1049 2311 ireturque
1108 2230 1195 2289 ad
1252 2232 1545 2289 omnium
1590 2230 1823 2289 domos.
1919 2228 2023 2289 Sic
2066 2246 2277 2288 unum
2321 2197 2710 2288 convivium·

720 2350 824 2407 vix
892 2351 1018 2405 toto
1081 2347 1193 2405 die
1228 2347 1491 2424 finitum
1537 2351 1629 2407 est
1645 2389 1661 2421 ‚
1730 2344 1902 2427 [oum
1949 2345 2014 2406 et
2057 2341 2346 2406 lavarent
2388 2362 2503 2424 per
2547 2340 2682 2404 sin-

717 2462 869 2547 gula
912 2460 1152 2525 fercula
1197 2462 1262 2523 et
1307 2460 1679 2524 mulieribus
1725 2459 2103 2542 uterentur}
2138 2497 2225 2506 —
2252 2456 2465 2522 Verba
2490 2458 2676 2536 haec,

716 2598 874 2661 quae
943 2576 1125 2641 uncis
1170 2576 1437 2654 inclusi,
1507 2575 1930 2660 expungenda
1975 2577 2127 2639 sunt
2145 2622 2160 2651 ‚
2230 2574 2463 2658 quippe
2509 2561 2673 2637 ma'le

713 2694 985 2779 repetita
1053 2716 1132 2759 ex
1174 2695 1362 2759 huius
1408 2694 1638 2778 capitis
1684 2694 1719 2778 ἓ
1769 2698 1842 2759 3:
1889 2697 2177 2758 exhibuit
2220 2696 2565 2777 aliquando
2611 2700 2674 2754 et

713 2815 840 2875 tale
906 2817 1267 2877 convivium
1281 2862 1300 2891 ‚
1368 2822 1442 2877 ut
1507 2816 1762 2876 haberet
1828 2816 2058 2893 vi9inti
2127 2819 2188 2874 et
2255 2813 2381 2873 duo
2426 2812 2676 2889 fercula

712 2934 1075 3011 inqentium
1143 2932 1484 3012 epularum
1501 2976 1517 3008 ‚
1588 2933 1696 2995 sed
1756 2952 1875 3011 per
1941 2931 2198 3010 sinyula
2258 2929 2552 2989 lavarent
2612 2934 2674 2987 et

710 3048 1085 3110 mulieribus
1131 3053 1489 3110 uterentur.

1492 3284 1829 3292 *ψ

1108 3448 1252 3509 ΑΕΙ.ΙΙ
1290 3446 1584 3510 [Ammon
1623 3443 1972 3508 ΑιΕΧΑΝῠΕΒ
2009 3445 2280 3508 SEVERUS.

796 3629 864 3695 O.
918 3631 1034 3708 16,
1083 3633 1157 3694 3:
1248 3633 1401 3694 Fuit
1453 3640 1793 3712 praeterea
1852 3631 1949 3691 illi
2008 3634 2424 3709 consuetudo,
2494 3640 2570 3695 ut
2614 3635 2671 3695 si

705 3754 787 3813 de
854 3755 998 3814 iure
1074 3757 1194 3813 aut
1259 3753 1336 3812 de
1400 3752 1669 3829 negotiis
1738 3755 2046 3810 tractaret
2064 3800 2079 3826 ,
2152 3750 2307 3811 solos
2357 3752 2565 3812 doctos
2610 3757 2671 3811 et

705 3871 972 3931 disertos
1018 3869 1343 3930 adhiberet
1361 3913 1376 3944 ‚
1449 3870 1504 3928 si
1550 3886 1695 3928 vero
1741 3868 1818 3928 de
1861 3887 1931 3928 re
1974 3867 2284 3944 militari,
2356 3868 2670 3929 militares

705 3992 945 4048 veteres
969 4031 1164 4048 .....
1220 3991 1280 4046 et
1324 4005 1540 4046 omnes
1585 3985 1898 4046 litteratos
1944 3991 2004 4045 et
2046 3988 2337 4048 maxime
2382 4006 2513 4061 eos,
2560 3987 2672 4068 qui

703 4106 1043 4165 historiam
1088 4109 1345 4165 norant.
1397 4138 1480 4148 —
1527 4096 1620 4162 Ni
1664 4100 1876 4164 omnia
1918 4121 2021 4164 me
2065 4100 2302 4165 fallunt
2318 4148 2334 4179 ‚
2381 4105 2667 4164 homines

707 4221 1025 4283 litteratos
1069 4217 1409 4303 legendum
1454 4218 1567 4281 est.

790 4335 859 4411 Q.
911 4339 994 4402 22
1015 4385 1031 4416 ,
1096 4338 1170 4401 6:
1263 4338 1596 4401 Praesides
1657 4338 2147 4417 provinciarum
2171 4382 2366 4401 .....
2440 4357 2669 4403 muno-
