3142 5167
1423 549 1499 609 21

478 760 617 813 tam
690 755 817 814 alte
886 757 1139 831 iacent,
1172 803 1185 817 .
1218 802 1232 816 .
1264 803 1278 816 .
1309 803 1323 816 .
1397 757 1534 816 dico
1584 752 1914 837 [cometas]
1965 774 2094 815 non
2141 757 2443 832 fortuitos

480 891 609 932 esse
674 874 850 950 iqnes
868 917 882 946 ‚
957 875 1065 933 sed
1134 877 1413 935 intextos
1460 872 1704 932 mundo
1720 917 1734 946 ‚
1782 891 1929 950 quos
1975 891 2106 931 non
2151 873 2447 950 frequen-

477 993 575 1047 ter
643 988 885 1063 educit,
949 990 1057 1049 sed
1124 992 1196 1049 iu
1265 988 1521 1071 occulto·
1570 993 1794 1047 movet.
1851 1021 1926 1031 —
1981 981 2191 1067 Magis
2237 983 2448 1067 placeb

476 1100 537 1164 h.
588 1101 629 1163 l.
681 1107 866 1182 fovet.

1141 1492 1465 1555 [PuswLAf.
1501 1493 1791 1555 MORALES.

561 1674 693 1758 Ep:
755 1678 829 1752 8,
909 1679 981 1739 3:
1102 1679 1341 1754 Vitate‚
1419 1698 1847 1757 quaecumque
1915 1680 2087 1758 volqo
2150 1678 2442 1757 placent,

471 1815 630 1872 quae
705 1815 887 1857 casus
962 1797 1294 1857 adtribuit.
1378 1799 1464 1857 ad
1537 1817 1724 1857 omne
1791 1799 2140 1875 fortuitum
2207 1798 2442 1858 bonum

472 1914 803 1990 suspiciosi
862 1914 1206 1992 pavidique
1267 1914 1622 1974 subsistite:
1694 1893 1754 1976 et
1799 1917 1944 1992 fera
1990 1921 2050 1974 et
2090 1917 2286 1993 piscis
2339 1934 2445 1994 spe

472 2031 686 2109 aliqua
734 2032 1075 2093 oblectante
1121 2033 1457 2111 decipitur.
1508 2068 1563 2076 --
1603 2027 2048 2113 Neglexerunt
2079 2027 2280 2091 adhuc
2310 2027 2442 2090 edi-

470 2146 637 2206 tores
711 2166 923 2208 veram
988 2144 1326 2209 lectionem
1387 2150 1592 2227 specie
1636 2145 1990 2209 restituere.
2087 2143 2226 2209 Hoc
2271 2145 2444 2208 enim

471 2264 686 2324 monet
753 2259 989 2327 Seneca
1034 2285 1115 2326 ne
1161 2262 1491 2326 brutorum
1538 2284 1752 2341 more,
1785 2285 2101 2352 ‘sensuum
2145 2263 2442 2327 ludibriis

472 2380 537 2441 et
580 2378 924 2443 mendaciis
971 2381 1175 2464 capti,
1238 2383 1500 2444 externa
1547 2402 1760 2444 rerum
1804 2381 2006 2444 forma
2050 2383 2117 2443 et
2162 2381 2442 2466 imagine

469 2494 779 2558 fallamur.
830 2495 889 2578 *)

558 2614 676 2697 Ep.
735 2616 813 2677 18
838 2661 852 2690 ‚
903 2617 977 2678 3:
1069 2618 1186 2678 His
1249 2620 1534 2678 maxime
1604 2619 1820 2678 diebus
1866 2615 1936 2699 [i.
1989 2636 2039 2678 e.
2091 2612 2445 2680 Saturnali-

469 2731 615 2815 bus]
687 2737 906 2794 animo
977 2736 1435 2812 imperandum
1506 2740 1627 2806 est,
1696 2741 1770 2792 ut
1819 2740 1973 2793 tunc
2019 2733 2446 2812 voluptatibus

471 2851 637 2910 solus
683 2850 1030 2923 abstineat,
1080 2869 1227 2909 cum
1259 2853 1331 2910 in
1357 2850 1500 2909 illas
1530 2852 1739 2908 omnis
1765 2850 1954 2907 turba
1971 2850 2328 2927 procubuit.
2357 2884 2441 2894 —-

471 2960 753 3029 Verbum
815 2965 1226 3043 procumbere
1277 2961 1337 3023 h.
1389 2960 1429 3022 1.
1483 2959 1840 3023 inclinandi
1886 2960 2019 3022 vim
2064 2959 2295 3023 habere
2344 2961 2444 3023 in-

468 3080 777 3160 terpretes
823 3077 1005 3141 nobis
1052 3077 1395 3155 affirmant,
1445 3077 1537 3139 ita
1584 3080 1656 3139 ut,
1686 3075 2093 3160 procumbere
2123 3077 2193 3139 in
2207 3077 2444 3162 ‘volup-

468 3196 633 3256 tabes
690 3194 857 3258 idem
905 3196 1023 3280 sit,
1094 3195 1260 3279 quod
1305 3194 1617 3259 inclinare
1665 3194 1745 3257 ad
1791 3194 2172 3279 volupbates.
2269 3195 2445 3272 Quod

468 3309 626 3392 quin
693 3312 864 3375 recte
932 3311 1190 3375 omnino
1260 3332 1326 3374 se
1393 3310 1623 3375 habeat
1681 3331 1811 3375 non
1874 3310 2269 3390 dubitarem,
2317 3312 2446 3375 nisi

469 3427 746 3492 obstaret
765 3478 779 3507 ‚
842 3430 1007 3514 quod
1053 3428 1509 3514 procumbendi
1555 3428 1851 3506 verbum,
1918 3430 1974 3492 si
2019 3429 2189 3492 hunc
2232 3429 2441 3494 locum

470 3546 780 3630 excipias,
851 3546 928 3610 de
992 3546 1353 3612 hominibus
1402 3545 1479 3610 ad
1525 3546 1643 3610 hoc
1691 3545 1929 3609 illudve
1966 3546 2439 3610 'inclinantibus

467 3683 778 3746 nusquam
843 3663 1100 3748 legitur.
1195 3661 1344 3727 Ideo
1412 3669 1712 3745 prorupit
1766 3655 2169 3727 scribendum
2217 3664 2439 3727 existi-

467 3798 600 3855 m0,
668 3777 833 3862 quod
903 3779 979 3842 de
1047 3777 1233 3842 turba
1309 3779 1379 3841 in
1447 3776 1955 3843 Saturnaliorum
2024 3780 2288 3843 licentia
2358 3779 2439 3842 ad

468 3912 650 3954 omne
718 3893 1115 3977 voluptatum
1188 3916 1390 3978 genus
1459 3892 1672 3957 effuse
1723 3895 1937 3958 dedita
1983 3897 2129 3978 apte
2175 3894 2432 3958 dicitur.

467 4006 558 4072 Of.
608 4009 752 4074 Tac.
803 4007 974 4074 Ann.
1026 4008 1136 4073 VI.
1187 4011 1306 4088 51,
1355 4009 1474 4088 XI,
1525 4013 1628 4076 35.

534 4293 585 4359 *)
622 4296 779 4359 Quam
813 4296 954 4346 facile
987 4298 1035 4346 in
1076 4297 1225 4347 codd.
1261 4312 1368 4363 spes
1404 4300 1450 4347 et
1485 4297 1669 4361 species
1691 4297 1956 4362 permutari
1981 4294 2231 4360 potuerint
2252 4293 2434 4358 optime

466 4390 600 4449 patet
631 4406 687 4438 ex
723 4390 1083 4441 wattenbachii
1114 4390 1265 4451 libro,
1302 4392 1416 4442 Anl.
1454 4409 1498 4443 z.
1537 4393 1647 4442 Lat.
1686 4389 2062 4455 Palaeographie
2095 4405 2143 4454 p.
2185 4389 2267 4439 32.
