3142 5167
1591 528 1675 589 38

657 733 888 797 dixisse
963 732 1023 817 (ξ
1093 731 1191 815 9):
1306 733 1677 795 Educentur
1745 735 1845 794 hic
1916 736 2021 812 qui
2083 735 2184 793 hic
2243 737 2605 794 nascuntur

656 856 996 932 statimque
1055 853 1132 912 ab
1195 852 1486 928 infantia
1531 852 1751 911 natale
1797 850 2000 911 solum
2046 867 2269 911 amare
2314 850 2609 927 frequen-

655 974 796 1028 tare
840 972 1267 1027 consuescant.
1337 966 1537 1045 Atque
1581 969 1842 1028 utinam
1889 972 2026 1026 tam
2071 966 2270 1025 claros
2311 982 2613 1044 praecep-

657 1089 826 1143 tares
873 1084 1236 1158 inducatis,
1286 1088 1357 1142 ut
1406 1083 1707 1161 finitimis
1755 1085 2003 1162 oppidis
2050 1083 2268 1143 studia
2314 1083 2462 1142 hinc
2501 1100 2613 1160 pe-

656 1205 885 1260 tantur
945 1204 1083 1260 cett.
1179 1193 1386 1270 Quum
1444 1197 1582 1258 tota
1624 1195 1898 1279 epistula
1943 1217 2071 1259 non
2116 1194 2191 1258 de
2238 1194 2612 1262 inducendis

544 1380 548 1384 .
657 1316 765 1381 sed
834 1315 910 1379 de
984 1313 1405 1404 conducendis
1449 1313 1959 1397 praeceptoribus
2004 1316 2265 1398 agatur,
2289 1327 2306 1344 ⁴
2334 1333 2464 1377 non
2510 1318 2612 1376 in-

656 1438 905 1497 ducatis
980 1429 1265 1494 Plinium
1339 1430 1664 1513 scripsisse
1740 1430 1919 1495 credo
1938 1477 1952 1506 ,
2035 1429 2144 1493 sed
2218 1433 2604 1493 conducatis.

618 1547 748 1612 cf.
800 1547 886 1631 §s
935 1547 972 1610 5
1021 1548 1087 1609 et
1133 1547 1191 1610 6.

745 1661 859 1726 IV.
912 1664 1029 1737 24,
1089 1664 1165 1723 4:
1262 1661 1443 1722 Circa
1487 1680 1601 1722 nos
1647 1664 1812 1740 ipsos
1857 1680 2049 1739 quam
2097 1660 2304 1720 multa
2351 1664 2610 1719 mutata

656 1791 822 1846 sunt.
901 1782 1146 1842 Studiis
1186 1782 1641 1860 processimus,
1689 1780 1921 1838 studiis
1962 1778 2314 1858 periclitati
2359 1795 2608 1849 sumus,

655 1919 1001 1978 rursusque
1060 1901 1499 1977 processimus.
1597 1898 1995 1974 Profuerunt
2064 1897 2236 1956 nobis
2304 1896 2611 1955 bonorum

656 2018 1006 2091 amicitiae,
1058 2015 1365 2075 bonorum
1396 2015 1776 2091 obfuerunt,
1826 2016 2181 2091 iterumque
2197 2018 2488 2092 prosunt.
2528 2044 2610 2055 -
2694 2086 2701 2093 ⁸

656 2130 1027 2216 Legendum
1098 2132 1195 2192 est
1262 2152 1610 2211 rursusque
1673 2134 2091 2212 procedimus.
2198 2128 2448 2213 Scripta
2515 2130 2613 2192 est

656 2247 952 2332 Epistula
1012 2246 1281 2310 Traiano
1351 2248 1705 2331 imperante
1724 2295 1738 2323 ,
1813 2250 1886 2311 ut
1930 2247 2111 2312 docet
2156 2246 2612 2311 Mommsenius

661 2362 953 2447 (Hermes
1020 2359 1151 2437 ΙΠ,
1230 2364 1285 2424 1.
1336 2383 1395 2444 p.
1448 2361 1578 2444 47).
1677 2364 1924 2425 Studiis
1963 2367 2421 2443 processimus,
2463 2382 2614 2442 pro-

657 2484 929 2559 fuerunt
981 2479 1156 2538 nobis
1201 2479 1508 2537 bonorum
1553 2481 1881 2539 amicitiae
1924 2475 2065 2561 (sub
2113 2475 2504 2559 Vespasiano
2549 2478 2615 2539 et

657 2593 862 2677 Tito),
932 2596 1163 2656 studiis
1216 2594 1563 2673 periclitati
1608 2615 1865 2669 sumus,
1935 2597 2263 2656 amicitiae
2307 2597 2613 2656 bonorum

657 2713 999 2789 obfuerunt
1065 2707 1208 2792 (sub
1272 2705 1703 2791 Domitiano),
1788 2730 2132 2790 rursusque
2210 2713 2612 2791 procedimus

657 2829 917 2901 studiis,
987 2830 1343 2905 iterumque
1406 2833 1681 2904 prosunt
1747 2829 2072 2887 amicitiae
2117 2824 2258 2910 (sub
2296 2824 2607 2908 Traiano).

743 2943 857 3007 IV.
910 2944 1020 3019 27,
1076 2944 1147 3004 1:
1212 2946 1462 3005 Tertius
1508 2947 1643 3006 dies
1689 2953 1815 3021 est,
1861 2947 2022 3024 quod
2069 2947 2292 3006 audivi
2338 2949 2610 3007 recitan-

657 3069 785 3123 tem
832 3061 1123 3121 Sentium
1164 3060 1581 3138 Auqurinum
1615 3080 1761 3120 cum
1794 3080 2051 3121 summa
2084 3080 2228 3120 mea
2258 3062 2610 3138 voluptate,

656 3182 852 3239 immo
897 3181 1096 3238 etiam
1146 3179 1598 3237 admiratione.
1642 3209 1725 3220 --
1760 3172 2217 3259 Corrigendum
2263 3176 2389 3238 est:
2437 3196 2611 3236 sum-

655 3312 765 3353 ma
833 3294 1031 3351 etiam
1099 3293 1546 3352 admiratione.
1654 3287 2033 3354 Locutiones
2103 3295 2299 3353 immo
2360 3296 2576 3372 potius
2595 3337 2610 3367 ,

656 3412 852 3469 immo
898 3411 1095 3468 etiam
1141 3427 1370 3489 pravae
1418 3408 1482 3470 et
1537 3405 1837 3469 barbarae
1867 3405 2239 3470 Latinitatis
2271 3429 2406 3472 esse
2433 3408 2612 3473 docet
2720 3401 2727 3416 ’

654 3523 858 3588 Krebs
905 3524 976 3587 in
1019 3521 1445 3588 Antibarbaro
1491 3525 1579 3609 (p.
1631 3526 1756 3588 487
1808 3524 1887 3588 ed
1930 3523 2028 3588 IV
2073 3525 2606 3611 Allgaijerianae).

741 3640 821 3704 In
887 3640 1103 3704 eadem
1171 3640 1290 3723 Ep.
1365 3640 1400 3724 ξ
1473 3641 1511 3702 2
1559 3638 1835 3724 legitur:
1925 3643 2175 3722 Aliquot
2220 3647 2414 3705 annis
2454 3651 2611 3724 puto

654 3760 818 3820 nihil
863 3762 1109 3837 qeneris
1157 3759 1441 3819 eiusdem
1487 3758 1837 3818 absolutius
1883 3762 2195 3839 scriptum
2216 3806 2231 3835 ,
2277 3764 2407 3822 nisi
2447 3764 2613 3839 forte

655 3896 756 3936 me
824 3874 1000 3953 fallit
1047 3881 1165 3934 aut
1211 3893 1393 3934 amor
1441 3876 1577 3933 eius
1623 3880 1738 3933 aut
1785 3875 1946 3951 quod
1993 3876 2206 3953 ipsum
2252 3895 2354 3936 me
2398 3876 2612 3935 laudi-

655 3993 766 4052 bus
813 3994 1004 4053 veaeit.
1055 4024 1139 4035 --
1189 3985 1473 4050 Plinium
1521 3991 1728 4050 evexit
1757 3986 2084 4070 scripsisse
2106 3990 2277 4071 puto,
2329 3988 2611 4053 Verbum

656 4109 908 4167 evehere
955 4103 1128 4166 enim
1174 4102 1321 4166 inde
1366 4102 1444 4166 ab
1491 4099 1773 4186 Augusti
1800 4097 2187 4186 temporibus
2212 4104 2379 4168 idem
2402 4109 2607 4183 notat,

654 4220 821 4305 quod
886 4220 1053 4305 apud
1120 4218 1510 4304 antiquiores
1559 4223 1802 4301 efferre.
1898 4217 1991 4282 Of.
2042 4218 2235 4305 Verg.
2284 4218 2443 4286 Aen.
2492 4220 2605 4287 VI.

659 4337 817 4402 130:
925 4340 1159 4415 Pauci,
1239 4358 1387 4418 quos
1465 4358 1702 4417 aequus
1777 4341 2023 4400 amavit
2090 4341 2415 4420 Iuppiter,
2493 4349 2610 4403 aut
