3142 5167
1672 522 1754 583 32

724 720 1023 787 vocabulo
1073 721 1396 788 isiciorum
1441 722 1577 787 sive
1621 721 2032 787 farciminum
2076 723 2436 789 venditores
2481 726 2684 811 signi-

720 839 1009 902 ficantur.
1118 835 1289 923 Apio
1354 840 1508 903 haec
1578 838 1764 903 lectio
1831 840 2137 923 quadrare
2204 841 2363 905 mihi
2431 842 2682 907 videtur

723 979 868 1020 cum
936 978 1142 1040 seqq.:
1212 959 1380 1020 alius
1435 979 1591 1020 veru
1638 960 1798 1021 eatis
1845 960 2258 1024 stridentibus
2297 965 2567 1043 plenum
2611 964 2682 1025 in

720 1077 923 1138 oeulos
990 1076 1143 1144 eius,
1195 1075 1501 1150 intentat,
1571 1076 1743 1139 alius
1786 1079 1977 1155 furca
2021 1081 2098 1140 de
2144 1080 2442 1142 carnario
2488 1088 2681 1161 rapta

720 1198 963 1253 statum
1005 1189 1384 1270 proeliantis
1430 1191 1766 1270 componit.

809 1304 876 1368 G.
932 1306 1045 1368 98:
1114 1307 1197 1367 At
1240 1326 1371 1367 non
1416 1326 1636 1367 servus
1675 1305 1964 1386 publicus
2011 1315 2148 1369 tam
2178 1308 2482 1389 lanquide
2511 1308 2678 1390 agit,

718 1426 826 1484 sed
871 1430 1133 1503 raptam
1178 1422 1453 1502 cauponi
1497 1423 1937 1485 harundinem
1977 1427 2189 1486 subter
2218 1427 2447 1487 lectum
2479 1426 2682 1488 mittit

714 1542 1052 1622 omniaque
1076 1589 1090 1603 .
1120 1589 1134 1603 .
1165 1589 1178 1603 .
1209 1588 1222 1603 .
1297 1550 1644 1604 scrutatur.
1699 1578 1781 1588 —
1829 1540 2206 1625 Corruptam
2275 1563 2491 1606 vocem
2546 1564 2681 1607 esse

714 1662 988 1737 cauponi
1033 1655 1373 1720 manifesto
1417 1654 1600 1719 docet
1645 1656 2030 1739 comparatio
2076 1656 2226 1734 loci,
2274 1658 2385 1741 qui
2431 1656 2499 1720 G.
2553 1657 2680 1720 134

713 1773 978 1857 legitur:
1024 1776 1466 1854 harundinem
1505 1753 1589 1834 'ab
1637 1777 1793 1836 ostio
1840 1777 2065 1853 rapuit
2113 1778 2470 1854 iterumque
2514 1776 2680 1835 nihil

714 1893 1199 1969 respondentem
1270 1890 1591 1951 mulcavit.
1687 1884 1855 1951 Satis
1915 1880 2321 1970 perspicuum
2365 1889 2463 1950 est
2507 1888 2678 1949 utro-

713 2025 834 2088 que
901 2003 1037 2067 loco
1107 2003 1181 2066 de
1252 2002 1471 2066 eadem
1538 2024 1607 2066 re
1653 2003 1785 2087 agi,
1843 2001 2248 2087 quamobrem
2292 2003 2361 2065 in
2406 1984 2681 2083 cauponi

713 2124 779 2186 et
845 2122 915 2185 in
985 2122 1220 2184 abostio
1287 2119 1503 2184 eadem
1571 2119 1874 2184 vocabula
1941 2098 2140 2183 latere
2208 2118 2484 2203 suspicio
2561 2121 2676 2181 est.

712 2237 782 2302 C.
843 2240 972 2302 134
1039 2240 1249 2300 autem
1316 2235 1602 2301 codicum
1666 2237 2015 2319 scripturae
2061 2237 2328 2301 variant.
2423 2235 2682 2300 Habent

712 2357 789 2417 ab
854 2355 1049 2430 ostie,
1110 2355 1187 2414 ab
1253 2353 1452 2414 hostio
1477 2399 1491 2425 ‚
1538 2353 1736 2414 hostio
1765 2400 1779 2429 ,
1828 2354 2050 2429 hostii3
2100 2352 2345 2416 conicio
2391 2352 2545 2417 olim
2590 2352 2681 2415 ibi

713 2470 1022 2553 scriptum
1098 2469 1290 2532 fuisse
1337 2490 1379 2531 a
1430 2470 1612 2549 posti.
1711 2467 1777 2531 G.
1835 2471 1918 2532 98
1991 2475 2529 2551 raptamcauponi
2575 2469 2681 2532 de-

710 2588 1045 2670 pravatum
1112 2604 1247 2647 esse
1318 2605 1395 2678 en
1463 2585 1937 2664 raptamaposti
2003 2605 2133 2647 non
2207 2584 2343 2648 sine
2390 2583 2680 2649 veritatis

710 2702 981 2788 quadam
1046 2701 1255 2786 specie
1300 2700 1610 2764 affirmare
1655 2722 1836 2785 posse
1882 2700 2044 2764 mihi
2088 2700 2321 2765 videor.
2415 2697 2681 2763 Arundo

709 2820 924 2884 autem
989 2820 1051 2882 h.
1100 2817 1142 2881 l.
1214 2817 1473 2882 baculus
1519 2820 1620 2881 est
1639 2866 1653 2895 ‚
1700 2817 1811 2902 qui
1855 2818 2025 2902 posti
2070 2818 2173 2883 vel
2218 2838 2531 2902 appensus
2578 2817 2680 2882 vel

628 2977 641 2990 ·
709 2935 1036 3021 appositus
1079 2933 1274 2996 fuisse
1322 2931 1594 2996 videtur.
1673 2930 1766 2994 Of.
1818 2929 2026 2995 Plaut.
2077 2929 2274 2996 Stich.
2327 2934 2399 3008 2,
2448 2934 2522 3008 3,
2572 2914 2674 2994 23¹.

797 3035 967 3114 Ibid.
1045 3049 1306 3112 Utinam
1377 3068 1478 3109 me
1548 3050 1755 3109 solum
1823 3047 2127 3109 inimicus
2174 3048 2342 3128 iqnis
2386 3047 2681 3108 hauriret

710 3177 826 3231 aut
893 3168 1229 3230 hibernum
1298 3164 1634 3225 invaderet
1690 3184 1888 3225 mare.
1938 3199 2025 3210 —-
2071 3161 2333 3247 Corrige
2377 3163 2679 3243 fulminis

708 3283 888 3364 iynis.
1004 3279 1278 3342 Haurire
1347 3264 1413 3340 h.
1481 3277 1522 3340 l.
1599 3278 1770 3341 valet
1836 3299 2248 3356 consumere,
2330 3278 2675 3343 absumere.

709 3396 803 3460 Cf.
874 3395 1012 3460 Liv.
1080 3395 1118 3458 5
1140 3443 1154 3472 ,
1223 3395 1295 3457 7:
1388 3397 1719 3475 Horaeque
1779 3405 2097 3459 momento
2146 3397 2341 3458 simul
2387 3417 2676 3477 aqqerem

708 3535 781 3576 ac
849 3513 1066 3575 vineas
1114 3559 1172 3573 ..
1204 3559 1217 3572 .
1292 3511 1665 3573 incendium
1712 3512 1968 3591 hausit,·
2015 3511 2107 3576 Id.
2161 3513 2276 3589 30,
2326 3512 2399 3575 5:
2449 3515 2677 3575 Multos

708 3674 902 3690 .....
954 3627 1362 3689 semisomnos
1408 3626 1632 3688 'hausit
1676 3629 1965 3707 flamma.

796 3743 864 3808 G.
919 3744 1078 3809 101:
1148 3747 1598 3823 comprehendi
1642 3745 1941 3825 Eumolpi
1985 3765 2196 3826 qenua
2243 3753 2303 3806 et
2350 3745 2675 3821 ,miserere’

707 3867 960 3944 inquam
1026 3860 1442 3938 ‚morientium
1503 3869 1563 3923 et
1609 3882 1723 3941 pro
1771 3863 2078 3924 consortio
2125 3861 2474 3923 studiorum
2524 3883 2676 3924 com-

706 3980 885 4064 moda
954 3996 1221 4038 manum.
1298 3997 1457 4039 mors
1526 3977 1732 4054 venit,
1803 3998 1993 4058 quae,
2063 3978 2194 4038 nisi
2262 3998 2376 4057 per
2442 3985 2502 4040 te
2546 3999 2677 4040 non

704 4099 874 4170 licet,
921 4101 1122 4174 potest
1169 4113 1298 4154 esse
1344 4113 1459 4173 pro
1507 4091 1804 4156 munere.'
1857 4096 2219 4155 inundatus
2264 4095 2383 4155 hac
2428 4095 2676 4155 Eumol-

705 4230 825 4289 pus
893 4210 1142 4270 invidia
1208 4211 1389 4271 iurat
1460 4229 1574 4288 per
1642 4212 1786 4272 deos
1850 4211 2119 4289 deasque
2165 4231 2228 4270 se
2273 4231 2472 4289 neque
2518 4215 2676 4273 scire

705 4326 857 4406 quid
923 4325 1225 4386 acciderit
1295 4330 1434 4385 cett.
1511 4360 1593 4370 —
1662 4319 1859 4386 Nullo
1932 4321 2113 4387 modo
2180 4322 2508 4388 ferendum
2576 4326 2674 4388 est
