3142 5167
1411 527 1488 588 31

481 739 854 804 crediderim
900 739 976 803 de
1020 737 1207 802 rebus
1238 737 1574 801 inutilibus
1606 739 1861 802 lantum
1891 760 2243 804 sermonem
2272 762 2405 804 esse
2424 789 2439 820 ‚

479 853 880 939 quamobrem
926 853 1240 937 corrigere
1285 849 1477 916 velim
1524 862 1742 915 scruta
1789 859 1964 916 trita.

568 968 634 1033 G.
683 972 800 1033 63:
898 971 1190 1033 Ceterum
1235 971 1384 1030 baro
1432 970 1537 1031 ille
1584 972 1806 1050 lonqus
1846 978 1991 1050 post
2035 973 2146 1033 hoc
2189 974 2440 1050 factum

478 1107 840 1172 numquam
909 1087 1129 1147 coloris
1198 1089 1300 1146 sui
1369 1087 1536 1163 fuit,
1607 1089 1804 1147 immo
1844 1095 1987 1166 post
2026 1108 2264 1168 paucos
2309 1093 2442 1152 dies

472 1207 880 1285 phreneticus
942 1205 1157 1283 periit.
1210 1238 1295 1249 -
1343 1198 1566 1263 Malim
1635 1223 1993 1286 numquam
2048 1224 2292 1285 compos
2339 1210 2442 1268 sui
2545 1232 2549 1236 ⁴

477 1325 643 1401 fuit,
712 1317 877 1402 quod
921 1318 1179 1403 propius
1226 1318 1395 1381 certae
1444 1316 1522 1380 ad
1567 1316 1694 1381 loci
1740 1318 2130 1383 sententiam
2173 1319 2437 1384 accedit.

484 1441 741 1520 Compos
811 1443 912 1500 sui
959 1436 1176 1501 eodem
1222 1457 1412 1499 sensu
1455 1455 1579 1518 quo
1626 1457 1874 1518 compos
1920 1442 2132 1500 animi
2177 1458 2441 1521 usurpa-

474 1547 623 1616 tum'
686 1552 1014 1616 invenitur
1082 1550 1249 1635 apud
1317 1549 1455 1615 Liv.
1531 1553 1606 1628 8,
1682 1552 1797 1626 183
1854 1549 2146 1615 Curtium
2192 1555 2271 1628 4,
2324 1554 2439 1629 123

477 1670 736 1735 Celsum·
778 1670 850 1747 5,
901 1671 1004 1732 26.
1055 1651 1115 1731 ii.
1169 1671 1265 1731 13.
1641 1748 1646 1754 η

567 1786 634 1850 Ο.
711 1787 747 1850 7
754 1790 828 1849 5:
923 1789 1066 1853 Non
1133 1793 1224 1846 est
1290 1789 1523 1867 dianus
1592 1785 1803 1869 [puer]
1872 1763 2060 1872 quem
2129 1793 2202 1850 in
2248 1791 2442 1851 oculis

469 1907 733 1984 feram?
803 1907 909 1965 sed
956 1904 1320 1964 Fortunata
1366 1909 1555 1963 vetat.
1609 1906 1704 1963 ita
1751 1905 1865 1963 tibi
1911 1906 2200 1980 videtur,
2248 1906 2440 1983 fulci-

472 2024 712 2103 pedia?
781 2023 1014 2083 suadeo
1042 2091 1053 2098 ,
1081 2022 1315 2080 bonum
1384 2026 1574 2079 tuum
1622 2039 1966 2103 concoquas
1989 2065 2003 2094 ,
2074 2021 2307 2096 mil-va,
2379 2027 2439 2081 et
2487 1989 2492 1995 .

477 2159 579 2199 me
644 2157 776 2199 non
818 2138 1025 2216 facias
1072 2138 1433 2215 rinqentem
1454 2179 1469 2209 ‚
1525 2135 1996 2195 amasiuncula.
2048 2167 2129 2179 —
2179 2131 2439 2218 Corrige

474 2257 708 2317 suadeo
770 2274 1048 2334 poenam
1116 2260 1298 2314 tuam
1369 2271 1711 2334 concoquas
1774 2250 1814 2312 i.
1866 2271 1917 2313 e.
1969 2271 2165 2335 aequo
2228 2251 2439 2315 animo

470 2370 767 2455 patiaris,
837 2371 1096 2432 strenue
1163 2367 1344 2431 feras,
1439 2365 1824 2430 Trimalchio
1893 2369 2108 2429 autem
2163 2366 2440 2430 convitio

470 2488 668 2550 iratus
735 2485 995 2550 calicem
1057 2484 1126 2547 in
1171 2484 1398 2547 faciem
1445 2482 1831 2548 Forizunatae
1878 2483 2245 2547 immiserat.
2320 2471 2435 2548 Cf.

468 2626 518 2669 c.
575 2604 738 2669 105:
812 2612 872 2665 et
934 2623 1039 2683 eqo
1088 2606 1349 2689 quidem
1396 2610 1523 2664 tres
1564 2605 1792 2683 plaqas
1840 2603 2171 2683 Spartana
2216 2606 2440 2665 nobili-

466 2723 598 2784 tate‘
639 2722 916 2782 concowi.
992 2716 1232 2780 Eodem
1279 2714 1462 2780 modo
1508 2714 1576 2778 O.
1611 2717 1713 2794 ,82
1763 2715 1838 2780 de
1868 2715 2138 2781 Tantalo
2165 2717 2438 2802 legitur:

465 2844 621 2901 sicco
668 2841 992 2919 concoquit
1037 2857 1146 2897 ore
1192 2838 1455 2914 famem.

556 2951 624 3015 C.
700 2955 821 3015 83:
896 2972 1021 3032 ‚eqo
1090 2953 1302 3034 inquit
1364 2956 1557 3030 poeta
1606 2971 1750 3012 sum
1797 2957 1857 3011 et
1902 2958 1976 3011 ut
2025 2971 2237 3032 spero,
2307 2974 2438 3015 non
2507 2977 2516 2986 ·

465 3068 820 3131 humillimi
890 3066 1156 3148 spiritus
1182 3112 1376 3127 .....
1460 3086 1699 3153 »quare
1768 3062 1944 3145 er90''
2001 3064 2210 3148 inquis
2263 3073 2439 3128 »tam

468 3189 637 3249 male
684 3184 946 3247 vestitus
994 3205 1055 3246 es
1074 3182 1141 3244 f>”
1205 3190 1471 3263 propter
1523 3186 1635 3244 hoc
1683 3183 1914 3266 ipsum.
1967 3201 2151 3243 amor
2197 3181 2442 3262 inqenii

466 3303 793 3365 neminem
839 3322 1152 3386 umquam
1199 3300 1463 3363 divitem
1485 3298 1681 3380 fecit)
1724 3335 1792 3346 —-
1821 3296 2042 3362 Potius
2067 3298 2443 3363 crediderim

466 3416 850 3500 Eumolpum
921 3415 1154 3479 dixisse
1224 3419 1419 3477 ardor
1465 3415 1712 3496 ingenii
1758 3414 2083 3478 neminem
2130 3436 2442 3497 umquam

469 3536 731 3598 divitem
777 3535 948 3614 fecit.

558 3649 625 3713 C.
692 3650 810 3713 95:
882 3650 1145 3712 interim
1203 3658 1468 3712 coctores
1516 3650 1946 3731 insulariique
1994 3653 2286 3713 mulcant
2331 3671 2442 3714 ew-

469 3772 714 3832 clusum
799 3765 1258 3851 [Eumolpum]
1338 3804 1418 3811 —
1490 3764 1984 3848 Improbandum
2058 3765 2311 3828 videtur
2379 3788 2437 3830 v.

470 3883 914 3964 insulariique.
1007 3880 1127 3944 Ex.
1162 3885 1165 3892 ’
1195 3901 1326 3963 cap.
1395 3881 1477 3943 98
1526 3882 1791 3964 apparet
1838 3880 1908 3942 in
1954 3880 2240 3963 proxima
2286 3881 2442 3945 vici-

468 4002 579 4065 nia
646 4000 945 4085 Encolpii
1013 3999 1207 4064 cellae
1276 3999 1541 4082 popinas
1610 3998 1835 4075 fuisse,
1905 3998 2063 4062 dicit
2116 3999 2289 4062 enim
2350 3998 2442 4062 ibi

469 4117 854 4202 Eumolpus:
924 4118 999 4181 ni
1064 4121 1218 4180 deus
1335 4164 1348 4178 .
1417 4137 1620 4197 puero
1681 4116 2044 4178 excussisset
2091 4117 2438 4195 indicium,

470 4237 680 4297 elusus
750 4235 915 4320 (lege
980 4233 1290 4316 esclusus)
1341 4234 1509 4296 circa
1549 4231 1827 4314 popinas
1875 4253 2178 4294 errarem.
2274 4229 2441 4306 Qua-

465 4349 744 4416 mobrem
811 4349 1258 4436 corrigendum
1324 4350 1479 4440 puto
1526 4357 1793 4416 coctores
1843 4349 2267 4434 isiciariique‚
2315 4369 2438 4434 quo
2493 4427 2498 4430 ι
