3142 5167
1490 533 1568 615 ἰι

554 745 971 843 ephemerides
1044 747 1407 831 recipiatur,
1478 755 1685 811 tamen
1760 747 1922 810 intra
1983 748 2131 811 iusti
2196 748 2515 814 voluminis

550 899 802 962 modum
849 919 922 963 ac
963 899 1288 963 circuitum
1327 901 1686 983 plerumque
1724 907 1952 965 manet.
1996 900 2110 963 Cui
2132 900 2514 964 incommodo

552 1053 833 1134 equidem
878 1052 968 1116 ita
1010 1054 1336 1117 subvenire
1380 1061 1634 1117 conatus
1673 1075 1806 1119 sum
1823 1101 1839 1131 ,
1883 1063 1955 1118 ut
1980 1055 2242 1119 Senecae
2262 1055 2515 1120 comites

559 1207 952 1289 adiungerem
993 1209 1143 1271 alios
1185 1210 1541 1292 scriptores,
1588 1229 1847 1291 quorum
1875 1211 2037 1274 locos
2063 1213 2381 1276 nonnullos
2409 1211 2515 1274 ali-

552 1361 793 1442 quando
835 1362 1167 1425 correxisse
1206 1361 1361 1425 mihi
1401 1363 1564 1438 visus
1606 1381 1816 1425 essem.

633 1516 928 1581 Praemisi
992 1518 1178 1599 igitur
1238 1517 1305 1579 L.
1367 1516 1685 1582 Annaeum
1749 1517 2040 1581 Senecam
2087 1524 2178 1594 et,
2242 1517 2348 1599 qui
2387 1517 2513 1581 fere

552 1670 762 1733 eodem
816 1679 1093 1753 tempore
1131 1672 1284 1734 vixit
1324 1671 1709 1755 scripsitque,
1773 1672 2128 1736 Petronium
2169 1671 2506 1736 Arbitrum.

555 1818 827 1890 Quorum
870 1820 1124 1903 scripta,
1168 1820 1293 1882 sive
1332 1822 1412 1884 ad
1452 1801 1907 1901 argumentum,
1968 1822 2096 1885 sive
2135 1825 2213 1885 ad
2250 1823 2509 1886 formam

558 1973 868 2056 respicias,
932 1993 1302 2055 quamquam
1363 1994 1613 2057 prorsus
1659 1977 1819 2039 inter
1858 1995 1924 2039 se
1965 1977 2229 2060 disparia
2266 1984 2410 2040 sunt
2448 1985 2511 2040 et

549 2127 895 2204 dissimilia,
965 2130 1083 2192 hoc
1148 2138 1354 2193 tamen
1416 2149 1736 2194 commune
1775 2131 2032 2208 habent,
2104 2132 2265 2214 quod
2304 2130 2507 2197 media

548 2295 753 2349 aetate
823 2285 1096 2349 omnium
1160 2287 1605 2360 studiosissime
1663 2288 1728 2348 in
1786 2239 2172 2349 monasteriis
2234 2285 2508 2352 lectitata

546 2453 708 2510 sunt.
749 2445 949 2540 'Alter
988 2446 1152 2508 enim
1192 2462 1432 2507 summa
1474 2440 1789 2523 diligentia
1828 2447 2125 2503 tractatus
2167 2447 2260 2501 est
2299 2457 2336 2500 a
2361 2438 2506 2501 viris

542 2600 764 2662 sanctis
827 2607 889 2660 et
938 2599 1185 2671 severiS,
1250 2598 1315 2658 in
1357 2615 1616 2678 quorum
1659 2595 1879 2658 animis
1919 2593 2119 2675 rigida
2158 2594 2504 2658 Stoicorum

543 2750 874 2831 sapientiae
912 2756 1259 2831 praecepta,
1304 2767 1441 2808 cum
1484 2701 1967 2808 Christianorum
2010 2744 2326 2827 disciplina
2350 2744 2504 2806 mul-

543 2900 624 2961 tis
683 2899 829 2961 locis
892 2899 1120 2979 optime
1183 2895 1573 2975 congruentia
1589 2939 1604 2970 ,
1666 2894 1799 2974 pios
1859 2911 2071 2954 sensus
2129 2890 2502 2969 excitabant3

545 3056 699 3116 alter
764 3071 974 3114 eorum
1040 3051 1425 3134 potissimum
1494 3047 1776 3110 manibus
1842 3046 2026 3108 tritus
2088 3055 2180 3109 est
2194 3092 2209 3122 ‚
2282 3046 2387 3127 qui
2428 3046 2504 3109 ad

544 3210 880 3291 voluptates
946 3205 1367 3289 propensiores
1382 3251 1397 3281 ‚
1465 3203 1648 3285 lepidi
1711 3200 1958 3284 quidem
2014 3208 2077 3263 et
2116 3200 2322 3277 faceti,
2389 3202 2498 3263 sed

542 3363 747 3426 lascivi
816 3363 996 3425 simul
1064 3369 1129 3423 et
1188 3359 1480 3442 impudici
1539 3358 1729 3421 libelli
1790 3357 2045 3419 lectione
2104 3355 2501 3419 stimulabant

539 3519 862 3582 libidinum
886 3519 1186 3601 impetus.
1269 3516 1486 3580 Misere
1533 3516 1855 3578 mutilatus
1895 3522 1959 3575 et
1995 3513 2296 3575 laceratus
2334 3518 2500 3573 uter·

536 3636 658 3749 que
701 3688 736 3730 e
776 3668 1212 3731 monachorum
1251 3667 1532 3730 manibus
1572 3666 1783 3730 evasit.
1857 3665 1949 3727 Ex
1991 3664 2253 3726 Senecae
2291 3662 2496 3738 libris,

537 3824 655 3886 etsi
717 3824 868 3886 satis
914 3807 1199 3905 magnam
1240 3832 1479 3905 partem
1518 3824 1752 3887 mancis
1792 3829 1854 3885 et
1895 3819 2227 3885 decurtatis
2243 3863 2262 3895 ,
2303 3815 2495 3900 aliqui

534 3978 746 4041 saltem
811 3979 1036 4060 integri
1097 3987 1451 4042 manserunt
1467 4024 1482 4055 ‚
1545 3986 1611 4039 at
1669 3976 2023 4040 Petroniani
2087 3976 2287 4057 operis
2336 3975 2497 4055 frag·

535 4139 740 4192 menta
800 4131 1230 4194 tantummodo
1271 4140 1336 4195 et
1377 4139 1663 4213 excerpta
1701 4138 1969 4194 aetatem
2011 4131 2286 4194 tulerunt
2304 4176 2319 4206 ‚
2362 4137 2491 4193 tam

535 4282 756 4346 misere
797 4284 1046 4348 turbata
1084 4294 1150 4347 et
1190 4286 1514 4368 depravata
1528 4331 1546 4359 ,
1609 4291 1712 4361 ut,
1755 4284 2056 4366 quomodo
2097 4283 2241 4347 olim
2282 4284 2492 4347 cohae-

533 4435 750 4516 serint,
812 4455 1250 4522 saepenumero
1290 4441 1393 4504 vix
1421 4439 1847 4523 deprehendas
1861 4485 1877 4518 ,
1946 4435 2022 4503 de
2075 4446 2246 4502 recta
2281 4443 2487 4500 autem
