3142 5167
879 1341 946 1438 G.
1048 1338 1630 1435 SUETONIUS
1709 1337 2492 1453 TRANQUILLUS.

794 2017 1082 2081 Tiberius
1102 2066 1118 2095 ‚
1183 2022 1302 2083 62:
1391 2022 1595 2085 Aua-it
1640 2025 2036 2105 intenditque
2081 2024 2421 2084 saevitiam
2441 2066 2457 2097 ,
2520 2041 2669 2082 enca-

704 2136 990 2197 cerbatus
1060 2138 1295 2197 indicio
1363 2138 1440 2198 de
1507 2144 1713 2199 morte
1779 2139 1900 2216 filii
1969 2158 2070 2199 sui
2138 2138 2354 2198 Drusi.
2468 2137 2667 2209 Quem

703 2272 850 2313 cum
941 2254 1151 2313 morbo
1226 2261 1287 2313 et
1377 2257 1884 2333 intemperantia
1951 2258 2196 2333 perisse
2268 2256 2667 2315 ewistimaret

703 2375 840 2429 cett.
891 2405 977 2414 —
1022 2367 1438 2432 Existimasse
1508 2368 1834 2432 Tiberium
1906 2368 2282 2433 crediderim
2301 2417 2315 2445 ‚
2385 2366 2664 2430 Drusum

701 2485 936 2568 perisse
1004 2489 1213 2548 morbo
1275 2509 1355 2549 θα)
1401 2493 1924 2569 intemperantia.
2019 2485 2140 2551 Sed
2193 2487 2347 2550 haee
2397 2486 2659 2549 minora.

701 2599 907 2665 Multo
978 2602 1429 2685 corruptiorem
1495 2603 1705 2668 locum
1751 2603 2076 2668 invenisse
2122 2602 2282 2667 mihi
2328 2601 2545 2666 videor
2589 2602 2659 2665 in

700 2717 835 2781 vita
879 2714 1155 2782 Neronis
1204 2740 1255 2782 e.
1310 2721 1429 2797 12,
1475 2719 1587 2783 ubi
1633 2721 1785 2784 haee
1831 2719 2171 2804 leguntur:
2265 2722 2557 2781 Instituit
2602 2725 2662 2779 et
2734 2741 2740 2746 ’

700 2841 1175 2926 quinquennale
1221 2847 1543 2901 certamen
1584 2844 1841 2920 primus
1898 2843 2193 2901 omnium
2223 2839 2463 2900 Romae
2487 2856 2661 2897 more

705 2953 940 3015 Graeco
986 2954 1223 3034 triplex
1245 2999 1261 3030 ‚
1331 2959 1652 3016 musicum
1696 2958 2068 3035 qymnieum
2114 2959 2395 3037 equestre
2412 2997 2427 3027 ‚
2497 2951 2662 3035 quod

699 3072 1045 3151 appellavit
1093 3072 1375 3132 Neronia
1389 3093 1415 3149 ,·
1470 3074 1896 3155 dedicatisque
1943 3074 2205 3132 thermis
2251 3077 2439 3152 atque
2482 3088 2661 3147 qym-

695 3191 880 3248 nasio
906 3234 920 3262 ‚
1002 3191 1258 3249 senatui
1334 3208 1572 3270 quoque
1646 3195 1707 3248 et
1785 3192 1980 3272 equiti
2054 3190 2261 3250 oleum
2343 3186 2656 3265 praebuit.

700 3305 1033 3383 Maqistros
1080 3308 1199 3365 toti
1241 3307 1582 3365 certamini
1607 3309 1983 3385 praeposuit
2013 3306 2369 3367 consulares
2400 3313 2609 3365 sorte
2627 3344 2654 3385 9

699 3431 889 3483 sede
926 3434 1413 3496 praetorum.
1454 3456 1540 3467 —
1572 3417 1719 3483 Viri
1765 3418 1934 3484 docti
1980 3420 2296 3485 affirmant
2325 3422 2659 3506 postremis

696 3540 907 3604 verbis
954 3539 1307 3625 significari
1325 3587 1340 3617 ‚
1408 3536 1766 3603 consulares
1813 3538 1979 3598 sorte
2024 3535 2220 3599 lectos
2265 3538 2448 3601 novis
2492 3537 2659 3601 ludis

698 3635 1087 3740 praepositos
1134 3678 1295 3733 esse,
1347 3655 1458 3739 qui
1505 3675 1577 3717 eo
1622 3653 1759 3718 loeo
1803 3652 2263 3736 praesiderent,
2308 3677 2431 3739 quo
2470 3653 2659 3718 Prae-

695 3772 864 3835 tores
933 3770 1099 3835 ludis
1166 3769 1522 3855 praesidere
1589 3771 2042 3834 consueverant
2103 3769 2144 3831 i.
2195 3791 2246 3833 e.
2318 3769 2658 3846 tribunali,

698 3887 772 3963 de
841 3909 965 3972 quo
1032 3888 1273 3952 mentio
1343 3889 1511 3952 faeta
1580 3890 1678 3950 esi}
1745 3887 1815 3950 in
1860 3887 2007 3951 vita-
2038 3885 2206 3972 Aug.
2257 3890 2343 3951 44
2363 3934 2378 3964 ,
2439 3857 2668 3950 Claud?

698 4005 801 4067 21.
895 4001 1091 4068 Mitt-‚0
1159 4003 1324 4088 quod
1391 4004 1613 4067 durius
1681 4005 2067 4067 concurrunt·
2134 4011 2296 4066 sorte
2359 4005 2424 4066 et,
2484 4007 2657 4080 sede,

696 4118 804 4183 sed
876 4139 1042 4206 nego
1110 4122 1278 4184 recte
1347 4118 1578 4184 Latine
1646 4118 1773 4183 dici
1832 4140 2013 4203 posse
2058 4123 2417 4184 consulares
2456 4092 2658 4196 sorte,

694 4255 810 4319 pro
897 4240 1257 4302 consulares
1336 4245 1501 4301 sorte
1576 4238 1736 4300 lecti.
1853 4233 2184 4300 Praeterea
2255 4236 2661 4300 vehementer

696 4352 953 4434 dubim,
1003 4378 1158 4421 num
1207 4356 1548 4439 imperator
1580 4354 1917 4439 quidquam
1955 4354 2360 4418 constituerit
2388 4354 2464 4418 de
2497 4354 2659 4432 loeo,
