3142 5167
1480 536 1560 598 41

544 741 949 827 quamobrem
1016 744 1372 805 acerrimus
1434 741 1899 805 restituendum
1929 743 2099 807 erit..
2194 741 2287 807 Of.
2337 745 2398 808 h.
2449 767 2501 810 e.

545 860 581 942 g
630 860 701 922 7:
749 843 1089 920 novissime
1127 860 1421 938 pluribus
1466 863 1657 921 recito
1675 906 1690 935 ,
1737 880 1813 921 ae
1858 863 1914 921 si
1958 862 2113 940 quid
2144 864 2308 922 mihi
2329 863 2508 923 ored-

542 978 623 1048 is,
670 975 981 1034 acerrime
1025 975 1304 1034 emendo.

628 1085 810 1151 VIII.
865 1090 897 1150 1
916 1136 934 1165 ,
984 1091 1023 1151 3
1070 1088 1224 1152 haee
1267 1087 1605 1172 leguntur:
1665 1091 1763 1152 Ad
1796 1094 1908 1151 hoe
1940 1091 2283 1153 salubritas
2308 1093 2501 1168 eaeli,

537 1224 807 1265 secessus
824 1249 839 1278 ,
910 1208 1084 1283 quies
1153 1210 1411 1265 tantum
1481 1206 1708 1266 salutis
1774 1182 2096 1285 quantum
2164 1209 2279 1266 otii
2317 1207 2502 1285 polli-

536 1328 759 1383 centur
777 1366 793 1397 ,
856 1339 1015 1402 quae
1061 1318 1153 1380 ita
1199 1318 1533 1382 scribenda
1579 1321 1763 1383 sunt:
1855 1321 1954 1382 Ad
1999 1324 2115 1383 hoe
2160 1323 2501 1384 salubritas

535 1440 725 1514 caeli,
779 1457 1048 1500 secessus
1093 1440 1268 1517 quies
1313 1444 1572 1498 tantum
1622 1439 1849 1499 salutis
1895 1444 2034 1499 cett.
2087 1474 2168 1488 —-
2218 1438 2512 1500 Secessus

536 1552 746 1635 genet.
796 1571 975 1614 casus
1021 1557 1135 1612 est.

628 1661 808 1726 Vm.
859 1665 937 1741 8,
986 1668 1067 1727 4:
1160 1667 1364 1746 Ripae
1408 1669 1677 1745 fraxino
1722 1667 1932 1728 multa
1957 1711 1972 1741 ‚
2019 1668 2226 1729 multa
2265 1668 2500 1746 populo

540 1786 941 1858 vestiuntur,
1001 1802 1159 1862 quas
1213 1786 1591 1862 perspicuus
1636 1786 1850 1844 amnis
1897 1790 1970 1843 ut
2015 1803 2257 1845 mersas
2302 1786 2502 1845 viridi

514 1879 821 1977 vimaqine
865 1900 1272 1959 adnumerat.
1310 1933 1385 1942 -—
1417 1893 1663 1958 Horum
1708 1894 2041 1958 verborum
2071 1916 2291 1959 sensus
2323 1896 2504 1959 nullo

540 2013 720 2076 modo
788 2011 1070 2095 intelligi
1132 2012 1342 2094 potest
1358 2057 1373 2087 ‚
1439 2010 1567 2073 nisi
1629 2009 1834 2074 deleto
1878 2014 2270 2074 adnumerat
2314 2012 2500 2074 resti-

539 2131 759 2193 tuatur
804 2149 952 2192 vera
994 2127 1186 2190 lectio
1230 2128 1593 2189 adumbrat.

628 2245 837 2310 Simili
883 2244 1111 2309 mendo
1154 2243 1523 2307 obscuratur
1568 2242 1742 2307 locus
1789 2242 1859 2305 in
1896 2241 2195 2325 Epistula
2218 2242 2501 2307 eiusdem

538 2363 688 2427 libri
739 2364 818 2427 10
842 2410 856 2439 ,
912 2364 986 2425 1:
1039 2364 1173 2438 Quo
1219 2346 1423 2441 maqis
1471 2365 1650 2441 cupis
1695 2382 1775 2422 ece
1814 2362 1989 2421 nobis
2005 2368 2383 2440 pronepotes
2407 2366 2500 2423 vi·

538 2484 718 2557 dere,
804 2485 916 2543 hoc
989 2484 1237 2541 tristior
1309 2482 1533 2541 audies
1614 2453 1867 2558 neptem
1946 2485 2130 2538 tuam
2205 2479 2500 2540 abortum

538 2599 788 2675 fecisse,
858 2599 1017 2658 dum
1087 2616 1150 2657 se
1194 2602 1664 2675 praeqnantem
1708 2616 1836 2656 esse
1875 2595 2258 2674 puellariter
2302 2599 2501 2659 nescit

541 2731 616 2771 ae
659 2732 772 2790 per
817 2713 929 2771 hoe
973 2712 1289 2789 quaedam
1336 2711 1750 2772 custodienda
1779 2713 2282 2789 praeqnantibus
2313 2715 2501 2772 omit-

542 2826 623 2883 tit
639 2867 655 2898 ,
725 2825 886 2900 facit
951 2825 1322 2902 omittenda.
1422 2824 1621 2895 Quem
1689 2844 1969 2884 errorem
2020 2829 2273 2904 magnis
2312 2827 2501 2887 docu-

543 2939 777 2996 mentis
838 2938 1125 3015 expiavit
1169 2938 1240 2995 in
1286 2955 1616 2996 summum
1658 2937 2020 3015 perieulum
2067 2939 2363 2999 adducta.
2415 2974 2500 2985 -—

542 3049 622 3114 In
688 3050 787 3114 his
832 3055 1226 3114 documentis
1271 3049 1423 3134 quid
1467 3049 1789 3133 significet
1834 3071 2020 3113 nemo
2064 3050 2251 3114 facile
2297 3052 2501 3135 expli-

544 3167 730 3231 cabil.
846 3165 1303 3251 Corrigendum
1376 3166 1474 3228 est
1549 3170 1925 3242 tormentis,
1975 3187 2124 3250 ‚quo
2198 3166 2500 3233 vocabulo
2567 3207 2574 3214 -

470 3292 489 3304 ‘
541 3280 740 3345 Plinii
817 3281 1107 3366 aequales
1199 3281 1566 3364 saepissime
1658 3280 2004 3346 utebantur
2093 3280 2173 3346 ad
2255 3282 2498 3348 dolores

542 3400 818 3485 eorporis
864 3399 1353 3484 significand083
1407 3399 1485 3463 ef.
1535 3396 1703 3462 Plin.
1754 3395 1836 3460 H.
1871 3393 1954 3460 N.
1986 3396 2125 3461 XX.
2164 3403 2239 3477 4,
2285 3399 2495 3470 ΧΧΠ.
2551 3446 2558 3453 -

542 3520 661 3596 22,
711 3515 882 3582 Suet.
931 3516 1067 3581 Tib.
1120 3519 1203 3581 62
1250 3519 1316 3580 et
1360 3515 1494 3600 ipse
1540 3518 1755 3579 noster
1798 3515 1917 3598 Ep.
1968 3514 2025 3594 Ι,
2077 3519 2193 3594 12,
2243 3519 2301 3583 6.

629 3634 809 3700 VIII.
865 3640 982 3714 12,
1056 3638 1123 3698 1:
1216 3634 1523 3720 [Titinius
1578 3632 1831 3717 Capito]
1877 3636 2022 3697 colit
2067 3638 2284 3698 studia
2302 3681 2317 3711 ‚
2364 3644 2499 3698 stu-

540 3757 742 3816 diosos
788 3761 993 3831 amat,
1041 3756 1234 3831 fovet,
1282 3754 1594 3831 provehit,
1648 3751 2123 3830 multorumque
2147 3754 2259 3830 qui
2280 3753 2499 3831 aliqua

542 3877 929 3949 componunt
968 3876 1194 3950 portus
1251 3871 1430 3929 sinus
1470 3870 1880 3947 praemium,
1949 3871 2242 3929 omnium
2287 3890 2499 3930 exem·

537 3986 752 4065 plum,
799 3990 1091 4066 ipsarum
1136 3986 1407 4063 denique
1450 3954 1819 4045 litterarum
1866 3985 2001 4043 iam
2039 3989 2499 4046 senescentium

542 4104 835 4164 reductor
900 4123 975 4164 ae
1042 4104 1446 4181 reformator.
1516 4135 1604 4146 ——
1664 4097 1817 4162 Voe.
1883 4109 2109 4180 portus
2177 4100 2498 4165 interdum

543 4237 656 4301 per
735 4219 1167 4302 metaphoram
1240 4219 1612 4299 usurpatum
1686 4216 2015 4281 invenitur
2083 4217 2211 4281 fere
2280 4218 2498 4283 eadem

546 4336 865 4400 sententia
881 4357 954 4399 ae
967 4338 1366 4418 perfuqium,
1391 4338 1740 4415 refuqium.
1768 4331 1986 4399 Cicero
2004 4335 2074 4399 in
2092 4333 2198 4400 Or.
2217 4357 2331 4420 pro
2346 4336 2498 4402 an-

2191 4455 2230 4516 6
