3142 5167
1446 515 1485 574 3

490 722 671 799 siqna
715 727 775 781 et
802 738 977 800 posse
1020 721 1385 799 praenosci,
1434 738 1636 798 neque
1664 721 1838 779 enim
1860 718 1998 780 ulla
2020 716 2446 777 vehementior

492 839 665 898 intra
707 811 1001 916 coyitatio
1026 881 1042 913 ‚
1088 856 1252 916 quae
1285 835 1450 897 nihil
1493 841 1742 896 moveat
1788 837 1861 894 in
1883 833 2085 895 vultu.
2121 865 2207 909 ε-
2231 825 2445 890 Facile

486 955 774 1036 apparet,
821 951 1285 1016 restituendum
1331 972 1465 1014 esse
1511 956 1848 1015 concitatio
1894 949 1936 1012 i.
1986 970 2037 1012 e.
2089 945 2440 1013 commotio,

576 1063 644 1128 O.
720 1068 763 1130 2
787 1112 802 1143 ‚
854 1068 925 1129 1:
995 1069 1140 1130 Iam
1186 1088 1331 1130 vero
1399 1070 1455 1129 si
1522 1070 1779 1149 effectus
1848 1063 2036 1150 [irae]
2082 1067 2446 1145 damnaque

485 1184 731 1244 intueri
806 1185 957 1245 velis
982 1228 997 1259 ‚
1066 1185 1251 1245 nulla
1312 1187 1510 1265 pestis
1591 1185 1877 1244 humano
1953 1183 2171 1261 ςέηενὶ
2232 1180 2443 1259 pluris

484 1301 674 1359 stetit.
760 1299 999 1361 Videbis
1065 1301 1281 1361 caedes
1326 1320 1401 1361 ac
1466 1318 1711 1361 venena
1755 1305 1817 1359 et
1876 1316 2135 1358 reorum
2178 1301 2441 1358 mutuas

486 1415 694 1476 sordes
763 1421 825 1475 et
888 1417 1149 1478 urbium
1215 1416 1422 1477 clades
1468 1421 1528 1476 et
1574 1421 1861 1475 totarum
1906 1415 2109 1475 eaeitia
2151 1413 2439 1491 yentium

486 1537 623 1592 cett.
653 1566 736 1576 —-
760 1527 842 1593 V.
890 1540 1154 1595 mutuas
1184 1531 1339 1594 satis
1384 1529 1727 1594 absurdum
1771 1528 1931 1593 mihi
1977 1527 2037 1591 h'.
2080 1526 2122 1589 l.
2173 1525 2442 1590 videtur.

487 1640 671 1707 Nihil
715 1643 888 1708 aliud
930 1649 1150 1711 notare
1196 1650 1404 1730 potest
1448 1646 1579 1709 nisi
1626 1644 1941 1710 sordidam
1986 1645 2227 1708 vestem
2251 1691 2269 1722 ,
2318 1662 2441 1726 qua

492 1762 588 1824 rei
647 1761 892 1826 scilicet
936 1785 1002 1827 se
1047 1765 1324 1829 invicem
1392 1763 1780 1839 induebant3
1848 1783 1971 1847 quo
2015 1759 2168 1846 quid
2213 1780 2443 1844 quaeso

496 1878 774 1962 ineptius
843 1879 1188 1964 excogitari
1232 1882 1457 1963 potest.
1551 1878 1864 1963 Equidem
1929 1885 2201 1941 moestas
2264 1895 2443 1959 prae-

493 1993 750 2058 tulerim
797 1995 933 2060 coll.
983 1995 1166 2081 Prop.
1220 2001 1294 2073 3,
1342 2001 1418 2074 4,
1472 1999 1595 2072 133
1642 1994 1855 2061 Senec.
1908 1991 2059 2058 Oed.
2115 1996 2175 2056 2.

580 2109 646 2174 O.
697 2116 757 2189 4,
807 2116 878 2177 3:
931 2116 1261 2190 Quaedam
1316 2114 1477 2199 [irae
1523 2113 1703 2196 sunt]
1749 2118 1820 2175 in
1865 2115 2199 2175 verborum
2245 2110 2442 2171 male·

485 2228 920 2308 dictorumque
985 2229 1499 2292 amaritudinem
1545 2231 1785 2310 effusae
1811 2275 1827 2305 ‚
1874 2228 2190 2309 quaedam
2266 2226 2446 2286 ultra

483 2345 766 2423 querelas
836 2350 897 2406 et
940 2347 1410 2408 adversationes
1455 2364 1588 2407 non
1634 2352 1888 2407 exeunt.
1940 2379 2026 2389 —
2071 2341 2444 2403 Adversatio

481 2462 731 2543 praeter
775 2460 837 2523 h.
865 2459 907 2522 l.
958 2481 1271 2544 nusquam
1315 2460 1583 2545 legitur;
1630 2459 1854 2524 lexicis
1899 2458 2086 2522 fidem
2116 2458 2172 2520 si
2194 2456 2444 2533 habeas,

482 2573 651 2637 idem
694 2575 895 2652 notat,
942 2574 1107 2659 quod
1155 2576 1539 2640 concertatio
1588 2598 1636 2639 s.
1687 2576 1987 2660 iurgium.
2060 2571 2283 2657 Neque
2331 2573 2445 2637 du-

484 2690 662 2753 bium
705 2693 844 2770 est,
890 2692 1046 2775 quin
1091 2691 1399 2756 eiusmodi
1446 2713 1578 2757 voc.
1616 2692 1935 2756 sententia
1965 2691 2230 2776 flagitet.
2280 2688 2446 2754 Vide

490 2806 719 2881 autem,
765 2827 847 2870 an
882 2815 1045 2871 ‘non
1091 2811 1563 2871 adversationes
1611 2828 1689 2871 ex
1736 2810 2175 2871 altercationes
2225 2805 2444 2889 depra-

491 2921 709 2982 vatum
754 2919 856 2983 sit.
1805 2887 1826 2909 ⁸
2333 2990 2340 2996 ⁶

581 3033 645 3098 G.
706 3036 827 3114 10,
881 3038 958 3099 1:
1004 3041 1148 3101 Ideo
1193 3060 1553 3121 numquam
1599 3042 1895 3102 adsumet
1939 3043 2108 3101 ratio
2154 3043 2225 3101 in
2256 3042 2445 3102 adiu-

492 3158 728 3217 torium
797 3159 1158 3237 inprovidos
1219 3166 1279 3220 et
1324 3160 1624 3220 violentos
1692 3162 1968 3239 impetus
1993 3203 2008 3232 ‚
2079 3158 2255 3237 apud
2299 3178 2445 3238 quos

490 3275 653 3334 nihil
719 3276 861 3354 ipsa
905 3279 1309 3338 auctoritatis
1354 3277 1582 3337 habeat
1608 3322 1800 3351 .....
1869 3278 2000 3336 nisi
2060 3295 2251 3355 pares
2320 3277 2447 3338 illis

493 3390 846 3468 similesque
877 3394 1263 3470 opposueris,
1306 3398 1380 3452 ut
1427 3394 1564 3452 irae
1610 3397 1853 3453 metum
1871 3435 1886 3465 ‚
1937 3393 2210 3451 inertiae
2255 3393 2446 3467 iram,

493 3507 713 3565 timori
758 3508 1197 3584 cupiditatem.
1229 3542 1309 3553 -—
1336 3502 1536 3568 Miror
1582 3503 1851 3568 editores
1895 3502 2177 3567 nondum
2216 3504 2447 3568 vidisse

492 3618 563 3681 in
630 3623 1079 3684 inertiaeiram
1152 3620 1349 3684 latere
1419 3624 1696 3683 inertiae
1765 3621 2159 3682 industriam
2186 3666 2200 3695 ‚
2284 3620 2449 3702 quod

492 3736 810 3800 sententia
852 3736 1117 3822 flagitat.
1168 3737 1478 3822 Inspicias
1522 3757 1752 3821 quaeso
1779 3737 2066 3832 proxime
2091 3740 2447 3821 sequentia:

492 3858 823 3933 quatiatur
867 3877 1110 3921 necesse
1155 3864 1247 3920 est
1293 3860 1759 3938 fluctueturque
1778 3861 1835 3919 5.
1861 3879 1881 3920 ·.
1934 3863 2041 3938 qu'i
2088 3860 2275 3936 fortis
2323 3880 2451 3922 esse

492 3971 619 4030 nisi
641 3973 947 4034 irascitur
981 3992 1112 4034 non
1137 3979 1361 4052 potest,
1408 3967 1773 4034 industrius
1803 3975 1934 4034 nisi
1956 3976 2153 4052 cupit,
2201 3977 2447 4053 quietus

494 4085 620 4145 nisi
663 4086 866 4146 timet.

580 4193 646 4260 G.
702 4197 825 4276 16,
897 4198 979 4261 5:
1025 4201 1283 4280 Itaque,
1353 4204 1470 4263 etsi
1524 4221 1828 4282 perversa
1871 4204 2204 4264 induenda
2247 4209 2449 4286 ma9i-

491 4317 729 4376 stratui
795 4318 982 4377 vestis
1035 4322 1095 4376 et
1139 4320 1544 4379 convocanda
1590 4318 1841 4380 classico
1888 4322 2095 4381 concio
2127 4327 2258 4398 est,
2300 4343 2454 4401 pro-
