3142 5167
1681 520 1764 584 58

739 730 980 791 validos
1050 731 1136 790 ad
1202 729 1512 790 militiam
1553 733 1899 809 praecepit.
1949 765 2035 777 -
2081 728 2207 792 Res
2254 729 2391 813 ipsa
2437 727 2704 792 clamare

740 841 993 913 videtur
1038 847 1236 906 etiam
1283 843 1598 907 invalidos
1644 844 1986 928 legendum
2029 867 2181 909 esse.

1583 1093 1868 1101 ——-——-

1185 1267 1328 1328 ΑΕΙ.ΙΙ
1364 1266 1677 1329 8ΡΑΒΤΙΑΝΙ
1716 1264 2063 1334 ANTONINUS
2099 1265 2275 1329 (ΞΕΤΑ.

829 1431 895 1496 O.
947 1437 989 1498 4
1006 1486 1021 1511 ,
1076 1436 1145 1497 1:
1238 1436 1393 1497 Fuit
1438 1435 1806 1496 adulescens
1854 1436 2116 1497 decorus
2132 1483 2150 1513 ,
2198 1438 2479 1498 moribus
2523 1455 2704 1515 aspe-

739 1555 830 1612 ris
851 1596 867 1626 ,
954 1553 1062 1612 sed
1135 1571 1267 1613 non
1335 1554 1577 1631 impius
1596 1597 1611 1626 ,
1697 1552 1936 1612 anarbo
2005 1558 2386 1614 retractator
2450 1554 2704 1633 9ulosus

739 1669 1009 1746 cupidus
1062 1668 1344 1729 ciborum
1391 1675 1451 1728 et
1497 1670 1637 1728 vini
1682 1669 1860 1728 varie
1905 1669 2161 1728 conditi.
2210 1701 2297 1713 —-
2342 1665 2703 1730 Haeserunt,

742 1779 1011 1845 editores
1087 1781 1157 1843 in
1232 1780 1490 1845 vocibus
1567 1784 1806 1844 anarbo
1884 1790 2281 1845 retractator.
2400 1779 2469 1845 Si
2542 1781 2702 1844 mihi

742 1895 1200 1960 emendationis
1270 1896 1624 1980 periculum
1668 1897 1874 1961 facere
1920 1898 2144 1975 liceat,
2215 1902 2531 1962 inurbane
2574 1903 2703 1961 iac-

742 2019 913 2073 tator
982 2010 1322 2095 legendum
1368 2012 1775 2075 existimem.
1887 2011 1966 2076 In
2047 2021 2429 2077 retractator
2507 2013 2702 2076 latere

742 2131 1013 2189 iactator
1059 2126 1185 2188 iam
1230 2125 1272 2187 J
1273 2125 1545 2190 ordanus
1594 2126 1772 2190 vidit.
1912 2107 1918 2112 ⁵

832 2240 899 2305 O.
974 2243 1048 2320 5,
1122 2247 1199 2307 4:
1305 2246 1661 2307 Familiare
1739 2247 1835 2306 illi
1910 2249 2044 2324 fuit
2119 2250 2235 2309 has
2313 2250 2707 2327 quaestiones

743 2364 1185 2440 qrammaticis
1209 2381 1591 2441 proponere,
1637 2370 1712 2424 ut
1743 2365 2052 2438 dicerent,
2101 2365 2354 2444 sinqula
2391 2364 2711 2424 animalia

744 2479 1048 2557 quomodo
1092 2497 1300 2538 vocem
1348 2480 1712 2538 emitterent
1733 2522 1747 2551 ,
1811 2455 2217 2556 velut5‘a9ni
2262 2479 2516 2553 balant,
2559 2497 2712 2558 por-

747 2597 885 2656 celli
928 2597 1296 2675 yrunniunt
1320 2639 1335 2668 ,
1400 2595 1730 2674 palumbes
1776 2585 2188 2656 minurriunt
2207 2638 2222 2669 ,
2287 2598 2471 2674 porci
2513 2615 2713 2674 yrun-

748 2716 941 2775 diunt
957 2760 975 2790 ,
1045 2715 1185 2774 ursi
1234 2715 1562 2787 saeviunt,
1633 2713 1837 2772 leones
1905 2715 2210 2791 ruqiunt,
2280 2713 2567 2792 leopardi
2621 2715 2713 2772 ri-

747 2837 956 2906 ctant,
1006 2829 1272 2908 elefanti
1316 2832 1648 2904 barriunt,
1696 2848 1903 2889 ranae
1947 2837 2256 2905 coaxant,
2305 2833 2448 2909 equi
2494 2833 2713 2890 hinni-

747 2955 901 3024 unt,
949 2951 1129 3010 tauri
1174 2950 1495 3026 muqiunt.
1546 2981 1633 2991 —-
1683 2941 1835 3007 Voc.
1888 2949 2183 3007 saeviunt
2228 2945 2530 3008 vitiosum
2576 2945 2635 3007 h.
2669 2944 2710 3006 1.

747 3083 880 3125 esse
946 3060 1114 3125 haud
1182 3060 1544 3124 dubitanter
1609 3059 1925 3132 ,affirmare
1987 3061 2211 3123 ausim.
2305 3059 2715 3124 Desideratur

747 3180 918 3244 enim
1006 3178 1405 3255 vocabulum,
1497 3199 1620 3261 quo
1712 3177 2007 3240 animalis
2099 3200 2222 3242 vox
2296 3178 2710 3262 significatur.

568 3293 587 3376 ζ
648 3331 667 3392 3
732 3294 1020 3390 ..Proinde
1066 3294 1277 3358 nescio
1323 3315 1406 3357 an
1452 3298 1720 3356 raviunt
1766 3293 2169 3357 scribendum
2200 3293 2287 3355 sit
2317 3290 2453 3356 coll.
2515 3291 2712 3355 Paulo

748 3391 865 3486 aH's
896 3407 1157 3498 Festum
1202 3430 1249 3470 S.
1299 3428 1397 3470 v.:
1489 3411 1673 3471 Rava
1720 3430 1841 3471 vox
1887 3430 2088 3471 rauca
2136 3417 2195 3470 et
2234 3425 2487 3490 parum*
2523 3412 2714 3490 liqui-

747 3533 864 3604 da,
894 3489 1227 3608 ‘proxime
1272 3547 1508 3590 canum
1554 3529 1872 3589 latratum
1919 3547 2191 3603 sonans,
2266 3527 2331 3588 et
2377 3524 2709 3611 deinceps:

747 3647 984 3707 Ravim
1028 3645 1316 3705 dicebant
1355 3663 1475 3723 pro
1522 3647 1857 3705 raucitate,
1907 3647 2082 3705 unde
2119 3650 2179 3704 et
2210 3646 2470 3706 verbum
2499 3649 2678 3706 ravio
2696 3691 2711 3722 ,

749 3765 940 3823 ravis.
1036 3759 1206 3823 Usus
1262 3762 1358 3823 est
1402 3760 1519 3824 hoe
1566 3759 1757 3824 verbo
1802 3759 2067 3823 Plautus
2111 3758 2301 3824 Poen.
2356 3763 2394 3823 3
2414 3807 2428 3836 ,
2479 3762 2517 3823 8
2540 3807 2555 3838 ,
2604 3764 2706 3825 33.

749 3878 908 3943 Cum
976 3883 1215 3942 rictant
1284 3879 1361 3943 cf.
1427 3899 1680 3942 carmen
1725 3878 1801 3942 de
1847 3876 2116 3942 Philom.
2167 3900 2257 3942 ve.
2310 3881 2394 3942 49
2416 3918 2434 3952 ,
2480 3878 2589 3943 ubi
2635 3877 2711 3943 de

746 3994 1003 4081 tigridis
1067 4016 1218 4059 voce
1278 3995 1508 4079 agitur.
1600 3991 2083 4057 Wernsdorsius
2130 4003 2392 4057 raccant
2411 4041 2426 4072 ,
2474 3992 2711 4058 Nodier

749 4122 1024 4177 rancant
1070 4111 1161 4176 ibi
1205 4111 1546 4196 legendum
1594 4112 1826 4174 censet.
