3142 5167
1683 499 1761 560 10

1106 761 1346 823 DlALOG.
1382 762 1492 822 ΗΒ.
1525 760 1569 822 Χ
1604 763 1654 823 S.
1691 761 1769 823 DE
1805 761 2138 824 ssssevu‘sA‘st
2170 761 2361 824 νΙΤΑΕ.

836 932 904 997 G.
951 937 989 998 3
1010 981 1025 1012 ‚
1075 937 1149 998 2:
1196 939 1516 1018 A9edum‚
1558 941 1645 1000 ad
1675 942 2193 1017 conputationem
2224 946 2499 1001 aetatem
2531 947 2714 1002 tuam

746 1071 985 1113 revoca.
1034 1055 1168 1128 dic,
1216 1062 1535 1133 quantum
1585 1076 1665 1115 esc
1696 1057 1814 1115 isto
1849 1061 2129 1134 tempore
2158 1057 2431 1117 creditor
2448 1100 2463 1131 ‚
2509 1076 2712 1135 quan-

746 1176 889 1231 tum
935 1174 1179 1248 amica,
1225 1178 1543 1259 quantum
1582 1192 1698 1232 rex
1716 1216 1731 1247 ‚
1778 1179 2101 1250 quantum
2127 1173 2320 1233 cliens
2348 1172 2710 1246 abstulerit,

745 1296 1064 1368 quantum
1135 1291 1214 1350 lis
1275 1292 1546 1365 uoeoria,
1617 1297 1937 1369 quantum
2004 1310 2332 1352 servorum
2388 1295 2672 1354 coercitio
2692 1338 2706 1367 ‚

745 1415 1061 1487 quantum
1093 1409 1377 1488 officiosa
1408 1429 1527 1487 per
1557 1410 1779 1469 urbem
1809 1411 2206 1470 discursatio.
2243 1446 2323 1453 —
2352 1405 2549 1490 Regis
2582 1407 2622 1469 i.
2651 1429 2702 1470 e.

624 1589 633 1594 p
745 1522 997 1604 patroni
1041 1519 1143 1584 vel
1189 1522 1380 1585 amici
1423 1521 1705 1605 potentis
1760 1521 2416 1585 commemorationem
2461 1523 2706 1606 quomi-

745 1662 864 1704 nus
908 1639 988 1703 ab
1034 1640 1169 1723 ipso
1212 1638 1450 1704 Seneca
1495 1640 1729 1702 faciam
1774 1659 1907 1702 esse
1955 1637 2204 1701 credam
2250 1637 2460 1701 obstat
2479 1686 2494 1715 ‚
2541 1638 2707 1722 quod

746 1756 916 1820 inlaer
983 1777 1087 1820 eas
1154 1777 1288 1833 reS,
1359 1777 1516 1841 quae
1584 1755 1874 1837 occupati
1942 1754 2216 1818 hominis
2253 1757 2512 1838 tempus
2559 1775 2707 1819 con-

746 1876 1001 1937 sumant
1020 1920 1035 1949 ‚
1110 1872 1409 1955 deinceps
1484 1873 1891 1935 enumeratur
1962 1870 2237 1956 officiosa
2310 1893 2422 1955 per
2488 1872 2708 1937 urbem

746 1988 1137 2052 discursatio,
1233 1986 1368 2062 Quo
1435 1986 1618 2050 modo
1686 1986 1858 2049 enim
1923 2007 2035 2048 rex
2086 1986 2362 2050 multum
2403 1990 2707 2072 temporis

744 2102 992 2166 auferre
1038 2101 1167 2165 dici
1211 2101 1466 2185 possuilz?
1557 2099 1719 2176 Quia
1764 2100 1962 2165 eliens
1986 2148 2000 2177 ‚
2048 2123 2161 2184 per
2209 2102 2426 2167 urbem
2470 2104 2707 2168 discur-

749 2239 894 2281 sans
964 2215 1195 2279 cotidie
1262 2236 1447 2279 mane
1516 2215 1917 2279 salutalsionis
1964 2215 2239 2280 officium
2285 2218 2344 2281 ei
2389 2223 2707 2301 praestare

746 2333 1019 2398 deberet.
1113 2331 1346 2396 Parum
1392 2331 1610 2398 dubito
1633 2380 1647 2409 ‚
1709 2333 1865 2416 quin
1912 2356 2028 2397 rea:
2073 2333 2330 2397 librario
2375 2334 2673 2399 debeatur
2691 2385 2705 2414 ‚

748 2453 882 2534 ipse
950 2452 1161 2513 autem
1229 2447 1464 2513 Seneca
1532 2450 1858 2533 scripserit
1923 2473 2070 2515 reus
2138 2451 2277 2514 coll.
2355 2453 2421 2529 7,
2488 2454 2524 2516 7
2543 2474 2558 2538 ς
2606 2457 2711 2516 ille

748 2587 896 2629 reus
941 2573 1093 2647 quot
1136 2568 1268 2627 dies
1315 2567 1623 2628 abstulit?
1669 2573 1808 2627 cett.

837 2679 905 2744 O.
980 2681 1020 2743 9
1043 2728 1057 2757 ‚
1130 2683 1202 2744 2:
1301 2683 1550 2744 Clamat
1618 2704 1749 2744 ecce
1816 2686 2146 2744 maximus
2215 2689 2389 2745 vates
2436 2693 2496 2746 et
2541 2689 2712 2749 velut

747 2803 965 2863 divino
1012 2819 1116 2861 ore
1162 2802 1505 2861 instinctus
1551 2800 1838 2882 salutare
1882 2786 2142 2860 carmen
2187 2802 2397 2859 canit:

838 2921 1084 2998 optima
1164 2938 1446 2997 quaeque
1534 2921 1669 2979 dies
1759 2920 2010 2977 miseris
2107 2919 2482 2980 mortalibus
2574 2923 2713 2981 aevi

832 3039 1049 3115 prima
1094 3037 1282 3115 fuqit.

832 3149 1074 3214 Iterum
1143 3151 1248 3213 hic
1311 3149 1519 3213 locum
1584 3148 1883 3211 habemus
1903 3195 1917 3224 ‚
1988 3148 2207 3231 quales
2275 3149 2516 3234 aliquot
2584 3152 2710 3214 iam

745 3267 1047 3331 annotavi
1092 3268 1156 3329 elz
1200 3264 1515 3329 annotabo
1562 3266 1631 3327 in
1678 3264 2115 3346 sequenizibus‚
2164 3266 2343 3329 cuius
2390 3268 2709 3330 senientia

745 3384 995 3448 interiit
1012 3431 1026 3460 ‚
1073 3383 1222 3466 quia
1260 3381 1562 3466 pauculae
1594 3381 1815 3445 literae
1862 3379 2266 3446 librariorum
2297 3384 2708 3469 neglegentia

743 3499 1223 3565 inierciderunla.
1288 3496 1485 3560 Vates
1532 3498 1705 3561 enim
1750 3497 1967 3561 divino
2015 3520 2120 3561 ore
2166 3498 2486 3583 insssingui
2531 3498 2705 3562 nullo

743 3617 948 3695 mod0‚
995 3615 1220 3700 opinor
1238 3662 1252 3691 ‚
1297 3617 1535 3697 potest,
1585 3614 1693 3677 sed
1739 3616 2166 3700 instinguitur
2212 3616 2427 3679 divino
2474 3618 2699 3680 furore.

742 3732 880 3796 Hoc
949 3732 1149 3817 igitur
1211 3730 1512 3794 reslailzuas
1568 3730 1762 3794 velim
1825 3731 1962 3795 coll.
2014 3730 2142 3796 Cio.
2194 3731 2268 3796 de
2314 3729 2460 3797 Div.
2510 3730 2577 3809 Ι,
2630 3735 2666 3794 2
2687 3779 2701 3808 ,

744 3853 822 3915 31
875 3852 940 3912 ef,
987 3849 1094 3913 37.

828 3963 896 4028 G.
952 3966 1067 4042 12,
1117 3968 1190 4028 3:
1289 3966 1488 4039 Quid,
1537 3965 1675 4025 illos
1722 3967 1946 4025 otiosos
1992 3983 2205 4039 vocas,
2255 3966 2479 4043 quibus
2525 3968 2702 4044 apud

741 4090 1057 4146 tonsorem
1115 4084 1360 4144 ‘multae
1404 4084 1599 4144 horae
1646 4085 2189 4143 transmittuntur
2209 4127 2223 4156 ‚
2292 4083 2449 4143 dum
2496 4084 2701 4143 decer-

735 4205 952 4282 pitur,
1001 4206 1057 4264 si
1101 4204 1253 4285 quid
1293 4204 1601 4281 prooeima
1645 4206 1824 4260 nocte
1869 4202 2207 4273 succrevit,
2256 4201 2414 4260 dum
2435 4203 2537 4262 de
2567 4204 2699 4261 sin-

740 4319 904 4397 qulis
970 4319 1218 4398 capillis
1285 4320 1358 4378 in
1406 4317 1764 4378 *consilium
1833 4320 2001 4389 itur,
2072 4318 2228 4377 dum
2277 4323 2394 4377 aut
2437 4319 2698 4379 disiecta
