3142 5167
1434 526 1517 585 23

487 725 717 801 scriba,
790 735 1119 808 tamquam
1189 749 1291 807 me
1340 748 1485 790 cum
1530 727 1817 792 maocime
1862 727 2232 794 scribentem
2277 754 2448 796 mors

486 851 824 904 evocatura
870 844 969 906 sit.

575 960 694 1044 Ep.
749 961 862 1038 54,
915 962 980 1025 7:
1058 965 1188 1025 Hoc
1234 963 1349 1023 tibi
1394 967 1471 1024 de
1515 985 1618 1024 me
1665 965 1898 1044 recipe:
1946 987 2075 1027 non
2122 967 2446 1047 trepidabo

481 1082 567 1139 ad
636 1087 953 1156 eoetrema‚
1020 1080 1153 1141 iam
1190 1088 1629 1160 praeparatus
1675 1103 1819 1143 sum
1867 1088 2004 1143 cett.
2057 1117 2137 1127 ——
2187 1081 2447 1146 Rectior

475 1196 543 1256 et
566 1194 944 1278 elegantior
988 1195 1161 1258 locus
1209 1195 1364 1269 erit,
1413 1194 1469 1256 si
1514 1196 1746 1275 recipio
1793 1196 2137 1278 scripseris..

566 1308 685 1392 Ep.
737 1311 854 1386 64,
920 1312 991 1372 8:
1085 1313 1216 1373 Hoc
1282 1295 1596 1390 asperitas
1664 1313 1990 1373 oculorum
2059 1315 2441 1378 conlevatur.

477 1429 589 1487 hoc
650 1428 1110 1507 palpebrarum
1158 1427 1511 1489 crassitudo
1557 1434 1885 1488 tenuatur.
1936 1430 2047 1491 hoc
2093 1428 2189 1490 vis
2237 1431 2445 1492 subita

475 1549 537 1602 et
583 1545 813 1603 humor
859 1544 1192 1605 avertitur.
1232 1579 1318 1590 —-
1352 1538 1768 1604 Scribendum
1792 1543 1889 1604 est
1914 1551 2145 1604 tumor.
2197 1542 2444 1608 Humor

473 1654 796 1719 oculorum
878 1656 1054 1719 nullo
1135 1655 1316 1719 modo
1384 1656 1608 1738 opinor
1673 1676 1787 1739 pro
1855 1656 2072 1720 morbo
2110 1658 2442 1737 >habetur3

470 1771 738 1836 habetur
804 1776 1013 1837 tumor
1082 1775 1122 1836 i.
1174 1795 1225 1837 e.
1291 1772 1552 1836 inflatio.
1607 1773 1681 1836 cf.
1731 1771 1860 1836 Cic.
1909 1771 2088 1837 Tusc.
2136 1772 2266 1852 IV,
2318 1777 2402 1840 37
2427 1824 2442 1854 ‚

475 1889 594 1951 81:
644 1891 845 1953 Citius
892 1892 1266 1972 repentinus
1314 1892 1641 1950 oculorum
1665 1898 1880 1950 tumor
1904 1898 2199 1965 sanatur,
2247 1912 2441 1971 quam

473 2006 795 2069 diuturna
840 2008 1158 2088 lippitudo
1205 2007 1562 2086 depellitur.
1659 2002 1803 2068 Sen.
1854 2002 2020 2066 Dial.
2073 2003 2153 2067 V.
2207 2007 2310 2067 39.
2364 2009 2438 2068 2:

472 2141 586 2182 nec
632 2125 834 2184 oculos
880 2129 1199 2184 tumentes
1247 2121 1734 2201 temptabimuS,
1789 2121 1922 2182 vim
1967 2120 2260 2201 ri9enten
2310 2142 2438 2183 mo·

469 2241 670 2299 vendo
715 2240 1075 2315 incitaturi.

555 2354 673 2438 Ep.
727 2357 841 2432 66,
891 2357 1001 2420 40:
1049 2378 1178 2418 non
1225 2364 1316 2418 est
1360 2354 1655 2426 dubium,
1705 2354 1942 2435 inquit,
1987 2357 2144 2436 quin
2191 2357 2438 2437 felicior

462 2474 548 2534 sit
590 2473 967 2556 ,inconcussa
1012 2475 1330 2548 valitudo,
1379 2493 1572 2552 quam
1621 2493 1699 2533 θα)
1745 2475 2042 2552 9ναυί1ηιε
2090 2477 2341 2538 morbis.
2374 2523 2386 2536 .
2419 2522 2432 2536 .

462 2589 533 2650 in
601 2596 803 2650 tutum
861 2590 927 2650 vi
974 2594 1254 2671 quadam
1301 2598 1361 2652 et
1401 2587 1728 2670 patientia
1777 2592 2021 2651 educta.
2074 2625 2160 2636 -—
2222 2592 2323 2652 Vis
2369 2593 2435 2653 et

452 2704 780 2784 patientia
850 2702 1064 2786 inepte
1136 2703 1195 2766 h.
1247 2704 1287 2767 l.
1340 2705 1647 2789 coniungi
1692 2705 1853 2768 mihi
1900 2704 2217 2768 videntur.
2318 2703 2439 2768 Pa-

456 2818 690 2882 tientia
736 2819 908 2881 enim
954 2820 1243 2902 quamvis
1293 2841 1483 2904 aegro
1529 2819 2023 2885 commendanda
2055 2822 2173 2897 sit,
2220 2823 2437 2883 tamen

459 2957 807 3019 numquam
892 2937 1060 3001 inter
1144 2959 1362 3000 causas
1414 2937 1723 3001 efficaces
1791 2937 2113 3000 numerari
2183 2940 2394 3020 potest
2418 2984 2433 3013 ‚

461 3055 690 3138 quibus
761 3054 830 3117 in
875 3057 1089 3118 tutum
1136 3056 1443 3119 educitur.
1542 3054 1974 3139 Cogitandum
2021 3056 2234 3117 autem
2278 3055 2339 3117 h.
2388 3055 2432 3118 1.

464 3173 561 3233 est
628 3171 703 3234 de
771 3171 837 3234 vi
907 3175 973 3236 et
1017 3173 1255 3235 virtute
1300 3172 1925 3236 medicamentorum.
2021 3169 2191 3246 Quae
2239 3191 2435 3253 quum

465 3287 640 3350 nullo
697 3288 998 3353 vocabulo
1045 3291 1441 3373 frequentius
1489 3288 1930 3371 exprimantur
1977 3309 2166 3371 quam
2207 3297 2434 3369 poten-

466 3406 591 3481 tia,
639 3405 757 3468 hoc
803 3405 1012 3487 ipsum
1057 3403 1459 3467 scribendum
1506 3425 1642 3467 esse
1689 3405 1949 3469 coniciO.
2043 3403 2144 3467 Of..
2181 3403 2434 3469 Plinius

465 3518 543 3582 H.
591 3518 672 3583 N.
727 3520 845 3597 37,
900 3520 1014 3597 10,
1066 3520 1184 3582 54:
1231 3522 1508 3581 Achatae
1549 3522 1912 3600 potentiam
1954 3524 2179 3582 habere
2213 3530 2436 3584 contra

466 3638 815 3717 scorpiones
861 3638 1212 3714 dicuntur;
1278 3638 1356 3699 31
1382 3683 1396 3712 ‚
1466 3638 1496 3698 1
1523 3683 1537 3712 ‚
1592 3639 1622 3697 1
1645 3655 1662 3697 ἐ
1732 3640 2067 3717 Aquarum
2108 3637 2435 3717 potentiae

466 3743 757 3836 exempla
818 3775 1174 3836 ponemus;
1248 3755 1363 3826 28,
1422 3753 1497 3827 9,
1549 3755 1668 3816 38:
1746 3758 1920 3829 Quae
1966 3755 2134 3817 ratio
2181 3755 2432 3837 adipis,

466 3876 688 3933 eadem
733 3873 862 3934 sevi
907 3880 1031 3947 est,
1079 3892 1212 3933 non
1258 3871 1527 3932 minoris
1573 3855 1911 3953 potentiae.

553 3986 853 4050 Eiusdem
914 3987 1032 4069 ΕΡ.
1085 3988 1204 4049 41:
1273 3988 1388 4047 illa
1433 3986 1643 4062 enim,
1713 4007 1872 4066 quae
1917 3986 2196 4066 fortuita
2241 3993 2427 4061 sunt,

456 4106 823 4189 plurimum
893 4102 1289 4167 discriminis
1359 4103 1697 4184 recipiunt.
1771 4104 2209 4166 aestimantur
2255 4103 2430 4165 enim

463 4224 747 4286 utilitate
792 4222 1207 4284 sumentium.
1237 4258 1322 4268 ——
1348 4217 1809 4304 Corrigendum
1854 4241 1988 4282 esse
2014 4220 2429 4284 sentientium
