3142 5167
1658 535 1741 593 22

794 737 875 800 In
919 737 1036 800 ead
1079 736 1199 820 Ep.
1250 738 1285 820 ξ
1333 738 1412 799 6:
1506 741 1687 800 Miles
1756 744 1828 799 in
1897 742 2114 800 media
2175 759 2334 818 pace
2392 741 2676 801 decurrit

707 863 845 920 sine
910 859 1040 918 ullo
1107 860 1280 918 hoste
1299 903 1313 932 ,
1378 859 1622 917 vallum
1669 862 1824 918 iacit
1867 865 1979 918 cet.
2029 891 2117 901 -
2179 858 2426 916 Vallum
2471 861 2678 918 iacere
2725 878 2732 882 ·

706 974 816 1038 vix
883 972 1186 1036 Latinum
1248 995 1383 1037 esse
1448 974 1651 1038 crede.
1745 972 2019 1038 Senecae
2063 978 2242 1036 ducit
2285 973 2676 1037 reddendum

706 1090 849 1154 erit..
942 1092 1191 1152 Vallum
1259 1093 1489 1154 ducere
1567 1090 1742 1153 enilm
1788 1093 1854 1153 et
1899 1090 2036 1173 ipse
2082 1090 2339 1174 scripsit
2382 1090 2502 1174 Ep.
2551 1092 2631 1153 51
2659 1138 2675 1167 ,

712 1207 792 1267 12
841 1206 906 1268 et
951 1203 1173 1267 Livius
1220 1202 1383 1280 VH,
1434 1208 1554 1281 23,
1601 1204 1893 1268 Tibullus
1938 1203 2070 1282 IV,
2120 1207 2193 1281 1,
2242 1204 2345 1267 85.

763 1314 913 1406 Ἐρ.
988 1326 1109 1399 24,
1182 1324 1300 1385 21;
1392 1325 1563 1386 Haec
1631 1344 1778 1387 oum
1845 1328 2278 1403 descripsisses
2347 1345 2465 1403 quo
2519 1325 2674 1385 soles

705 1463 840 1516 ore,
887 1461 1135 1520 semper
1179 1442 1433 1519 quidem
1464 1460 1776 1519 maynu3‚
1823 1461 2180 1520 numquam
2211 1449 2433 1501 tamen
2462 1444 2674 1501 acrior

703 1579 898 1638 quam
964 1560 1071 1617 ubi
1140 1561 1400 1618 veritati
1459 1560 1818 1618 commodas
1865 1559 2052 1618 verba
2097 1564 2234 1617 cett.
2287 1593 2371 1602 —
2391 1577 2399 1584 ·
2418 1552 2487 1618 Si
2531 1575 2674 1617 ver-

704 1673 927 1736 borum
996 1675 1364 1736 contextum
1431 1672 1620 1755 paulo
1665 1673 2022 1736 accuratius
2067 1673 2398 1756 respiciaS,
2463 1678 2675 1735 acrior

705 1813 784 1855 ex
828 1796 1038 1852 maior
1084 1789 1499 1873 depravatum
1544 1811 1678 1853 esse
1728 1789 1914 1853 facile
1961 1789 2085 1852 tibi
2128 1788 2551 1873 persuadebis,

792 1908 911 1992 Ep.
990 1910 1109 1985 29,
1183 1909 1255 1970 5:
1327 1930 1566 1989 magna
1628 1914 1700 1970 in
1768 1907 2199 1992 [Marcellino]
2267 1913 2512 1988 inqenii
2578 1912 2676 1969 vis

704 2034 828 2101 est,
877 2027 985 2086 sed
1031 2028 1167 2084 iam
1214 2027 1534 2085 tendentis
1582 2028 1653 2084 in
1691 2045 1995 2103 pravum.
2045 2025 2469 2085 nihilominus
2473 2070 2668 2084 .....

704 2142 943 2201 audebo
1004 2141 1101 2199 illi
1165 2141 1341 2199 mala
1401 2161 1522 2200 sua
1568 2142 1912 2201 ostendere.
2010 2142 2228 2201 Faciet
2272 2144 2436 2220 quod
2483 2141 2671 2201 solet:

704 2259 1032 2319 advocabit
1078 2257 1220 2316 illas
1266 2259 1567 2334 facetias,
1642 2278 1801 2335 quae
1848 2262 2054 2318 risum
2102 2279 2356 2320 evocare
2399 2261 2675 2338 luqenti-

704 2375 817 2433 bus
858 2379 1159 2451 possunt,
1230 2379 1289 2432 et
1336 2376 1407 2433 in
1453 2394 1516 2433 se
1555 2349 1852 2452 primum
1872 2420 1887 2447 ,
1958 2377 2188 2436 deinde
2234 2380 2306 2436 in
2351 2396 2465 2437 nos
2509 2379 2674 2436 ioca-

704 2491 893 2549 bitur.
959 2526 1043 2538 —-
1105 2485 1230 2550 Pro
1298 2491 1656 2569 lu9entibus
1725 2491 2088 2552 ludentibus
2158 2491 2674 2555 substituendum

703 2606 964 2671 coniciO.
1059 2604 1393 2691 Significat
1459 2606 1640 2670 credo
1712 2604 1986 2684 Seneca,
2053 2609 2185 2672 fore
2232 2613 2306 2672 ut
2351 2608 2671 2673 Marcelli-

702 2747 823 2788 nus
841 2773 855 2801 ,
930 2724 1108 2787 cuius
1193 2744 1397 2787 mores
1486 2723 1801 2807 corrigere
1870 2725 1941 2787 in
2010 2726 2221 2788 animo
2290 2726 2512 2803 habet,
2590 2725 2670 2788 ad

700 2842 959 2905 facetias
1043 2844 1326 2905 recurrat
1348 2890 1361 2917 ,
1450 2863 1608 2924 quae
1693 2841 2060 2905 ludentibus
2136 2842 2393 2926 quidem
2467 2843 2668 2904 risum

702 2959 1102 3033 evocaturae,
1174 2978 1240 3019 se
1308 2977 1456 3019 vero
1524 2957 1807 3040 graviter
1876 2960 1942 3019 et
1988 2957 2152 3020 serio
2198 2960 2494 3041 agentem
2538 2977 2668 3019 11011

701 3095 772 3137 00
837 3073 1253 3156 perducturae
1323 3074 1456 3135 sint
1478 3121 1491 3148 ,
1558 3076 1628 3135 at
1696 3095 1733 3135 a
1801 3073 2122 3156 proposito
2192 3073 2486 3137 declinet.
2599 3070 2669 3136 Si

700 3193 1057 3270 luqentibus
1128 3211 1351 3252 sanum
1420 3187 1796 3252 vocabulum
1866 3192 2064 3265 esset,
2135 3190 2394 3252 omnino
2462 3193 2556 3251 vel
2617 3211 2664 3250 s.

701 3310 897 3367 etiam
942 3303 1311 3387 praecedere
1358 3302 1644 3366 debebat.

787 3420 906 3503 Ep.
988 3421 1107 3496 30,
1191 3423 1315 3482 14:
1429 3423 1639 3501 anz‘s,
1711 3424 1839 3500 ‘qui
1929 3423 2247 3483 valentem
2321 3409 2667 3483 materiam

700 3542 1057 3618 occupavit,
1105 3551 1273 3616 aqua
1320 3544 1380 3598 et
1427 3540 1759 3598 interdum
1786 3541 1984 3598 ruina
2009 3542 2511 3619 exstinquendus
2535 3547 2626 3601 est
2647 3562 2664 3599 .·

699 3658 831 3731 ille,
902 3659 1013 3735 qui
1058 3657 1385 3716 alimentis
1431 3657 1759 3734 deficitur,
1808 3675 1927 3715 sua
1973 3663 2193 3735 sponte
2247 3658 2530 3717 subsidit.
2582 3691 2668 3701 --

697 3768 846 3833 Non
891 3771 1207 3832 valentem
1256 3768 1363 3831 sed
1410 3772 1688 3831 alentem
1736 3770 2095 3853 antiquitus
2125 3771 2435 3853 scriptum
2471 3770 2665 3834 fuisse

698 3887 890 3951 verbo
934 3907 1187 3980 monere
1234 3886 1486 3950 sufficit.

786 4005 904 4088 Ep.
979 4006 1097 4081 48,
1173 4005 1244 4068 7:
1316 4008 1524 4067 alium
1592 4028 1763 4068 mors
1826 4015 2036 4083 vocat,
2116 4010 2321 4069 alium
2385 4029 2666 4089 pauper-

700 4131 798 4184 tas
865 4126 1035 4197 urit,
1113 4123 1319 4182 alium
1389 4121 1660 4183 divitiae
1727 4124 1821 4183 vel
1893 4124 2143 4185 alienae
2212 4131 2504 4203 torquent
2570 4124 2666 4183 vel

699 4257 870 4298 suae.
947 4272 1026 4282 -—
1097 4231 1245 4296 Nisi
1313 4233 1499 4296 fallor
1569 4233 1780 4318 legere
1855 4235 1918 4297 h.
1992 4234 2032 4296 1.
2107 4237 2387 4317 praestat
2455 4245 2665 4301 evocat

699 4350 837 4414 coll.
908 4350 1027 4433 Ep.
1104 4351 1222 4426 61,
1295 4352 1367 4411 2:
1431 4354 1542 4414 hoc
1613 4352 1834 4413 animo
1904 4350 2018 4412 tibi
2084 4354 2250 4414 hanc
2319 4354 2663 4433 epistulam
