3142 5167
1638 494 1716 555 78

696 704 870 778 istis,
940 703 1162 780 quibus
1229 702 1440 760 adhuc
1490 703 1713 761 omnia
1758 703 2012 780 inteyra
2058 707 2210 761 sunt
2228 698 2299 760 5²⁹⁹
2348 734 2431 744 —-
2481 699 2660 759 Nihil

600 835 605 839 ·
695 822 829 881 vidi
874 826 1013 881 tam
1057 821 1417 898 inteqrum‚
1465 839 1658 899 quam
1694 827 1769 879 ut
1807 838 2177 899 oppuqnare
2207 822 2659 898 imperatorem

695 940 1016 1016 incipiant
1083 972 1163 981 -—-
1220 957 1406 998 »cum
1476 944 1739 998 tantum
1806 938 2098 997 studium
2166 952 2660 1012 consensumque

696 1055 1117 1128 ostenderint,
1164 1056 1468 1132 quoniam
1512 1073 1620 1114 vos
1665 1070 1771 1114 eos
1817 1052 2349 1114 assentationibus
2381 1056 2442 1111 et
2474 1069 2657 1110 vene-

695 1173 870 1260 natis
938 1172 1311 1231 numeribus
1379 1167 1684 1232 emistis.”
1778 1170 2128 1249 Depravati
2199 1174 2315 1228 aut
2377 1169 2661 1245 corrupti

697 1293 848 1345 sunt
894 1293 1031 1347 cett.

785 1397 946 1462 Ibid.
1002 1400 1102 1462 18.
1156 1399 1275 1463 37:
1366 1402 1429 1462 Is
1493 1404 1690 1462 etiam
1737 1403 2028 1480 queritur
2074 1401 2460 1461 conditiones
2511 1417 2661 1459 suas

698 1520 1074 1597 repudiatas
1090 1540 1114 1595 ;
1141 1564 1379 1578 ......
1469 1526 1546 1578 ut
1627 1518 1918 1579 Alaudae
1990 1520 2062 1577 in
2137 1520 2330 1579 tertia
2401 1497 2696 1577 decuria

699 1636 1099 1710 iudicarent,
1150 1636 1217 1695 id
1263 1640 1353 1695 est
1370 1678 1385 1704 ,
1432 1640 1506 1694 ut
1544 1636 1924 1713 perfuqium
1972 1633 2278 1695 scelerum
2323 1637 2478 1692 esset
2516 1649 2663 1690 cum

698 1752 1091 1829 turpissimis
1150 1752 1246 1810 rei
1285 1749 1577 1829 publicae
1622 1750 1925 1810 sordibus.
1974 1783 2059 1793 —
2111 1748 2270 1807 Cum
2291 1791 2306 1821 ‚
2379 1741 2546 1827 quod
2594 1743 2664 1805 in

699 1864 991 1929 omnibus
1037 1863 1224 1928 Godd.
1276 1863 1547 1948 legitur,
1595 1865 1745 1947 quia
1788 1865 1849 1926 h.
1882 1862 1920 1925 1.
1971 1863 2261 1946 inepizum
2306 1863 2421 1939 sit,
2469 1859 2664 1925 variis

701 1983 1081 2048 coniecturis
1142 1982 1267 2046 viri
1326 1982 1495 2047 docti
1558 1982 1656 2044 usi
1702 1984 1854 2045 sunt
1899 1981 1979 2045 ad
2023 1980 2231 2046 locum
2280 1978 2663 2056 sanandum,

606 2083 613 2092 ¹
701 2120 965 2183 quarum
1031 2100 1249 2163 samen
1313 2098 1492 2162 nulla
1551 2097 1896 2180 probabilis
1942 2097 2211 2161 videtur.
2303 2094 2534 2159 Nescio
2579 2115 2664 2156 an

702 2214 919 2280 Cicero
978 2216 1302 2299 scripserit
1363 2237 1493 2280 non
1539 2209 2117 2305 cumturpissimiS,
2188 2212 2298 2277 sed
2344 2221 2664 2291 contemp-

702 2336 984 2397 tissimi&

791 2448 870 2513 In
914 2446 1153 2513 Anton.
1203 2447 1379 2513 XIV.
1434 2450 1493 2511 5.
1550 2450 1665 2512 13:
1730 2451 1950 2511 Etiam
1996 2454 2068 2510 in
2115 2470 2247 2526 eos,
2297 2453 2405 2529 qui
2451 2468 2665 2509 omnes

701 2585 851 2626 suas
918 2586 1106 2627 curas
1152 2570 1223 2627 in
1271 2570 1368 2628 rei
1407 2568 1700 2646 publicae
1745 2568 1949 2628 salute
1994 2568 2316 2648 defiqunt‚
2389 2570 2664 2646 impetus

700 2686 945 2744 crimen
990 2686 1358 2764 invidiaque
1403 2690 1762 2764 quaeretur.
1818 2721 1898 2729 —
1940 2681 2212 2760 Locum,
2261 2685 2334 2745 ut
2377 2701 2550 2745 nunc
2595 2679 2665 2742 in

701 2798 837 2861 edd.
887 2798 1079 2883 vulgo
1109 2798 1378 2884 legitur,
1425 2820 1537 2883 pro
1573 2802 1867 2883 corrupto
1899 2799 2258 2864 habendum
2283 2820 2447 2876 esse,
2495 2798 2664 2861 recise

700 2911 995 2976 Halmius
1061 2915 1410 2977 annotavi&
1507 2913 1819 2990 Quoniam
1888 2921 2165 2997 impetus
2210 2920 2453 2977 crimen
2498 2918 2666 2977 invi-

701 3034 930 3112 diaque
996 3029 1293 3095 absurde·
1322 3032 1631 3115 scripfium
1678 3034 1794 3111 sit,
1866 3036 1978 3096 aut
2023 3037 2377 3115 impietatis
2422 3037 2666 3094 crimen

702 3148 1070 3227 invidiaque
1096 3194 1110 3223 ‚
1180 3148 1291 3208 aui:
1363 3152 1607 3210 crimen
1676 3152 2045 3229 invidiaque
2112 3148 2315 3211 delefio
2390 3152 2666 3227 impetus

705 3260 1147 3344 corrigendum
1194 3264 1427 3325 censet.
1524 3261 1804 3337 Quorum
1847 3266 2146 3327 neuizrum
2189 3263 2398 3347 probO.
2463 3261 2667 3325 Medi-

705 3376 848 3439 cina
916 3375 1189 3458 petenda
1256 3375 1512 3439 videizur
1557 3398 1637 3440 ex
1683 3373 1877 3441 Acad.
1928 3377 2011 3440 H.
2067 3378 2167 3441 15.
2219 3379 2339 3441 46:
2430 3379 2666 3438 Adver-

704 3499 888 3554 satur
956 3495 1130 3553 enim
1193 3495 1487 3571 primum
1505 3540 1521 3569 ,
1590 3495 1751 3572 quod
1792 3515 2036 3572 parum
2083 3497 2369 3575 defiqunt
2415 3497 2664 3555 animos

705 3616 764 3671 et
832 3610 1184 3670 intendunt
1218 3611 1320 3669 in
1382 3629 1456 3669 ea
1475 3654 1489 3683 ‚
1553 3629 1714 3689 quae
1774 3613 2115 3689 perspicua
2185 3617 2355 3671 sunt.
2449 3607 2666 3670 Eiziam

704 3724 919 3785 nostro
984 3722 1150 3809 loco·
1188 3721 1339 3785 olim
1409 3722 1718 3806 scripizum
1787 3745 1922 3786 esse
1995 3723 2237 3788 conicio
2290 3729 2397 3806 qui
2452 3746 2667 3787 omnes

705 3859 855 3901 suas
924 3860 1110 3901 curas
1180 3843 1252 3900 in
1315 3843 1411 3900 rei
1467 3842 1760 3919 publicae
1807 3842 2079 3902 salutem
2127 3842 2414 3921 defiqunt
2460 3848 2519 3902 et
2565 3844 2667 3901 in-

705 3956 1018 4030 tendunt,
1067 3957 1311 4016 crimen
1355 3958 1725 4035 invidiaque
1771 3963 2129 4035 quaeretur.

795 4068 892 4132 De
937 4068 1097 4153 Imp.
1148 4067 1262 4132 Gn.
1311 4067 1529 4154 Pomp.
1586 4072 1641 4134 7.
1699 4073 1820 4135 18:
1870 4074 2126 4136 Etenim
2166 4075 2462 4153 primum
2508 4074 2669 4134 illud

701 4194 895 4270 parvi
941 4193 1175 4268 refert,
1224 4209 1337 4251 nos
1377 4192 1738 4271 publicanis
1785 4196 2037 4254 amissis
2084 4194 2415 4271 vectiqalia
2447 4199 2666 4272 postea

708 4310 975 4369 victoria
1041 4329 1459 4388 recuperare;
1527 4329 1728 4389 neque
1795 4314 1968 4372 enim
2038 4313 2240 4373 isdem
2307 4313 2666 4372 redimendi
