3142 5167
1416 553 1493 612 19

470 749 748 814 Iudaeus
826 751 1072 837 Apella.
1190 752 1314 829 Qui
1400 756 1613 817 autem
1687 752 1974 815 nostrum
2009 817 2014 820 ,
2057 747 2160 812 vel
2250 746 2442 811 semel

472 870 666 952 atque
734 870 967 934 iterum
1029 871 1322 956 attigerit
1342 920 1357 949 ‚
1427 893 1572 935 eum
1641 890 1772 934 non
1837 867 2108 953 fugerit,
2187 867 2409 951 opinor
2423 913 2441 943 ,

473 1004 665 1066 quam
734 986 964 1049 acriter
1037 1007 1223 1070 saepe
1294 987 1557 1050 invehat
1626 986 1695 1050 in
1762 983 2112 1050 historicos.
2206 979 2312 1046 Sic
2356 979 2438 1045 N.

473 1096 546 1173 Q.
620 1097 687 1176 I,
763 1102 877 1179 ll,
950 1104 988 1165 2
1060 1105 1125 1166 et
1194 1101 1328 1181 III,
1397 1103 1593 1187 praef.
1661 1102 1833 1165 5--7
1901 1120 2118 1164 eorum
2185 1098 2445 1163 inutilia

473 1212 688 1278 studia
734 1216 1312 1299 reprehenduntur,
1359 1215 1442 1280 N.
1492 1216 1563 1293 Q.
1616 1214 1741 1293 IV,
1790 1219 1859 1290 3,
1912 1216 1943 1277 1
1995 1216 2198 1277 totam
2225 1232 2444 1277 eorum

471 1331 801 1396 nationem
867 1332 1241 1398 mendacem
1311 1337 1511 1398 vocat.
1621 1332 1787 1408 Quid
1853 1331 2149 1395 universe
2213 1331 2293 1394 de
2363 1331 2442 1394 iis

470 1449 745 1512 senserit
812 1471 944 1514 non
1009 1450 1268 1515 aliunde
1339 1452 1569 1515 melius
1638 1450 1935 1535 cognosci
2004 1451 2211 1533 potest
2254 1469 2443 1532 quam

468 1588 552 1630 ex
597 1565 678 1630 N.
731 1567 800 1644 Q.
851 1567 1016 1648 VH,
1071 1572 1149 1634 16
1170 1618 1185 1648 ‚
1242 1573 1311 1634 1:
1409 1574 1691 1647 Quidam
1759 1567 2107 1654 [historici]
2168 1570 2443 1630 incredi-

459 1687 697 1770 bilium
766 1687 977 1748 relatu
1047 1690 1667 1750 commendationem
1730 1694 1978 1767 parant
2046 1695 2108 1746 et
2151 1686 2444 1747 lectorem

468 1802 655 1861 aliud
700 1807 999 1863 acturum
1017 1848 1031 1877 ‚
1080 1806 1136 1863 si
1176 1824 1295 1883 per
1342 1805 1671 1864 cotidiana
1710 1804 2084 1876 duceretur,
2129 1803 2444 1863 miraculo

468 1920 775 1978 eaccitant.
831 1920 1100 2003 quidam
1172 1920 1446 1994 creduli,
1517 1922 1784 2002 quidam
1832 1920 2222 1998 neqleqentes
2269 1924 2440 1978 sunt.

469 2029 671 2095 Vides
740 2032 943 2116 igitur
1013 2055 1152 2097 eum
1222 2034 1554 2098 historicos
1601 2054 1731 2097 11011
1777 2032 2003 2097 leviter
2051 2030 2444 2095 credulitatis

469 2168 754 2231 arguere.
818 2146 994 2211 Idem
1043 2150 1181 2213 sine
1226 2150 1420 2215 dubio
1464 2150 1621 2214 fecit
1665 2151 1783 2214 hoc
1828 2171 2015 2233 quem
2046 2148 2264 2213 notavi
2286 2147 2439 2211 1000.

470 2261 889 2337 Quamobrem
958 2265 1057 2329 vel
1122 2266 1326 2331 invita
1373 2268 1662 2332 codicum
1707 2268 2084 2332 auctoritate
2131 2266 2445 2349 corrigere

470 2381 692 2444 velim:
732 2386 895 2447 hanc
942 2388 1228 2448 historici
1275 2409 1541 2471 quoque,
1591 2391 1852 2450 credula
1876 2391 2087 2457 nati0‚
2137 2388 2446 2448 dixerunt

470 2521 601 2561 non
647 2507 904 2564 moveri.
998 2501 1178 2567 Tunc
1225 2504 1479 2568 demum
1528 2504 1901 2589 intelleges,
1948 2524 2141 2588 quare
2188 2502 2258 2566 in
2305 2522 2447 2585 pro-

470 2618 641 2680 xime
701 2619 1111 2702 sequentibus
1157 2643 1285 2685 11011
1332 2621 1690 2706 philosophi
1737 2620 2052 2686 nominati
2098 2619 2232 2682 sint
2253 2666 2268 2696 ‚
2339 2616 2449 2681 sed

471 2735 914 2816 historicorum
983 2736 1196 2800 nobile
1264 2759 1378 2820 par
1437 2736 1835 2820 Thucydides
1881 2739 1947 2800 et
1993 2732 2411 2798 Callisthenes
2430 2779 2445 2809 ‚

471 2853 705 2936 quippe
733 2874 1000 2937 quorum
1022 2853 1223 2916 relata
1253 2853 1709 2941 quodammodo
1738 2876 1775 2917 a
1799 2854 1993 2937 vulgo
2017 2852 2441 2915 discesserint.

560 2969 628 3032 O.
681 2970 762 3033 27
785 3019 799 3048 ‚
849 2974 906 3033 2.
1001 2974 1305 3034 Diaeimus
1370 2974 1563 3033 solere
1623 2979 1763 3052 post
1808 2943 2071 3050 magnos
2117 2977 2447 3031 terrarum

471 3096 681 3150 motus
744 3090 1210 3168 pestilentiam,
1252 3091 1430 3169 fieri,
1499 3109 1615 3150 nec
1671 3091 1741 3149 id
1785 3092 2033 3150 mirum
2079 3094 2188 3148 θεῖ.
2238 3088 2447 3148 multa

472 3210 646 3267 enim
713 3209 1081 3284 mortifera·
1123 3210 1194 3267 in
1263 3207 1391 3266 alto
1464 3207 1707 3267 latent:
1779 3227 1891 3267 aer
1959 3208 2122 3284 ipse,
2195 3205 2307 3287 qui
2351 3203 2446 3263 vet

472 3328 801 3383 terrarum
869 3322 1059 3400 culpa
1112 3322 1206 3383 vel
1246 3325 1520 3401 piqritia
1567 3330 1627 3383 θῖ
1674 3329 1941 3383 aeterna
1984 3326 2164 3381 nocte
2208 3324 2445 3397 torpes-

475 3442 590 3514 cit,
638 3442 851 3519 qravis
898 3441 1345 3502 haurientibus
1394 3448 1486 3502 est
1530 3441 1627 3501 vel
1670 3447 2006 3519 corruptus
2038 3442 2446 3499 internorum

477 3558 727 3635 ionium
795 3558 948 3615 vitio
969 3600 983 3629 ‚
1056 3578 1203 3619 cum
1272 3565 1363 3619 est
1433 3560 1612 3638 lonqo
1659 3562 1789 3620 situ
1836 3561 2134 3631 emissu3‚
2198 3576 2447 3634 purum

476 3676 645 3736 hunc
715 3675 1158 3760 liquidumque
1227 3678 1513 3738 maculat
1585 3697 1659 3737 ac
1722 3677 1955 3755 polluit
1999 3678 2448 3754 insuetumque

475 3792 846 3856 ducentibus
893 3797 1201 3874 spiritum
1235 3795 1452 3871 adfert
1482 3814 1650 3854 nova
1678 3813 1914 3873 qenera
1942 3772 2323 3851 morborum.
2362 3824 2444 3833 --

474 3901 649 3969 Haec
694 3928 824 3970 non
870 3908 1025 3971 satis
1073 3905 1399 3990 intellego.
1472 3906 1831 3969 Emendare
1876 3905 1995 3969 hoc
2025 3903 2207 3967 modo
2237 3901 2446 3966 locum

476 4024 739 4084 conatus
786 4045 960 4099 sum;
1031 4044 1187 4086 num
1234 4024 1406 4085 recte
1425 4069 1439 4098 ‚
1489 4021 1750 4085 videant
1796 4042 1898 4083 me
1943 4018 2287 4083 acutiores:
2335 4040 2448 4080 aer

477 4143 641 4219 ipse,
720 4145 832 4224 qui
908 4143 1002 4203 vel
1077 4148 1408 4203 terrarum
1474 4143 1664 4221 culpa
1730 4140 1825 4201 vel
1886 4141 2160 4218 piqritia
2229 4157 2342 4198 sua
2388 4145 2449 4198 et

478 4262 741 4316 aeterna
788 4264 967 4318 nocte
1015 4260 1344 4336 torpescit,
1393 4259 1608 4335 qravis
1653 4254 2099 4316 haurientibus
2146 4257 2269 4326 θεῖ,
2317 4253 2445 4327 vel,

478 4379 818 4449 corruptus
867 4374 1279 4450 infernorum
1326 4374 1581 4451 iqnium
1629 4374 1782 4432 vitio
1828 4390 1975 4431 cum
2022 4374 2114 4429 θεῖ
2158 4367 2223 4427 et
2267 4368 2446 4447 lonqo
