3142 5167
1452 501 1532 562 13

604 703 670 768 G.
727 708 807 768 12
826 733 853 784 ‚·
893 707 970 771 5:
1049 709 1462 787 Temperatus
1509 707 1684 765 enim
1730 707 1924 765 timor
1951 703 2186 765 cohibet
2225 703 2476 761 animos

518 867 707 882 .....
760 822 863 884 Sic
908 824 1082 899 feras
1128 823 1334 882 lineae
1381 827 1439 881 et
1481 822 1729 899 pinnae
1780 819 1987 880 clusas
2016 818 2364 879 continent.
2394 847 2477 861 --

515 932 747 998 Lineae
815 935 1033 1019 pinnis
1087 935 1429 999 distinctae
1497 952 1628 996 non
1698 932 2038 996 continent
2081 929 2265 994 credo
2310 929 2476 991 feras

513 1051 662 1135 quia
708 1051 786 1115 ab
831 1050 943 1132 iltla
988 1055 1341 1115 cluduntur
1356 1100 1374 1130 ‚
1448 1049 1559 1113 sed
1603 1049 1752 1133 quia
1797 1051 2167 1111 eluduntur.
2263 1044 2480 1110 Scribe

513 1187 665 1251 ergo
710 1171 936 1232 elusae.
988 1168 1065 1232 cf.
1116 1166 1283 1232 Dial.
1334 1165 1469 1244 IV,
1520 1168 1596 1230 11
1623 1214 1638 1244 ,
1686 1166 1726 1229 5
1774 1167 1841 1228 et
1887 1167 1945 1229 6.

1268 1582 1346 1643 DE
1383 1581 1715 1644 Beneficus.

602 1750 663 1830 I,
712 1754 750 1816 9
771 1800 786 1830 ‚
836 1755 910 1816 3:
1002 1756 1332 1830 Rusticus,
1403 1758 1803 1816 inhumanus
1859 1775 1935 1815 ac
1978 1755 2139 1816 mali
2175 1758 2372 1816 moris
2419 1762 2480 1817 et

511 1873 683 1930 inter
748 1877 1079 1939 matronas
1147 1861 1582 1931 abominanda
1656 1871 1935 1931 condicio
2007 1876 2099 1931 est
2116 1915 2132 1945 ‚
2216 1874 2272 1931 si
2341 1873 2485 1952 quis

511 1990 842 2066 coniuqem
887 2008 1075 2049 suam
1121 1991 1194 2048 in
1241 1988 1393 2049 sella
1432 1994 1726 2067 prostare
1747 1990 1968 2048 vetuit.
1995 2021 2084 2033 —
2109 1981 2386 2048 Omnino
2411 1989 2483 2047 in

514 2105 664 2165 cella
734 2102 1075 2187 legendum
1144 2106 1258 2167 est.
1354 2101 1452 2168 De
1520 2125 1645 2188 qua
1690 2105 2079 2169 correctione
2123 2104 2482 2188 quicunque

516 2216 765 2281 dubitat
784 2265 798 2294 ‚
869 2219 923 2280 is
994 2219 1293 2302 inspiciat
1361 2241 1593 2303 quaeso
1637 2218 1960 2285 Iuvenalis
2006 2218 2135 2284 Sat.
2188 2218 2300 2283 VI.
2359 2221 2477 2283 121

522 2354 654 2418 sqq.
705 2332 992 2398 Petronii
1039 2332 1166 2399 Sat.
1220 2337 1278 2399 8.

606 2449 709 2528 H,
762 2453 842 2515 10
865 2500 880 2529 ,
930 2456 1004 2515 4:
1100 2456 1242 2516 Non
1289 2475 1478 2535 ne90‚
1527 2459 1812 2535 quotiens
1852 2457 2110 2534 patitur
2156 2475 2291 2530 res,
2335 2475 2488 2534 per-

521 2565 888 2652 cipiendum
933 2574 1249 2651 qaudium
1297 2594 1376 2634 eoe
1407 2576 1778 2652 accipientis
1800 2574 2144 2633 voluntate.
2177 2608 2258 2617 —
2283 2568 2487 2633 Immo

524 2706 665 2747 vero
710 2688 1063 2767 voluptate,
1113 2686 1191 2749 cf.
1246 2689 1330 2749 24
1350 2735 1364 2761 ,
1415 2690 1488 2749 2:
1539 2690 1709 2749 Nam
1755 2692 1863 2768 qui
1907 2690 2233 2768 neqleqens
2279 2696 2370 2750 est
2418 2692 2491 2749 in

533 2811 881 2888 accipiendo
907 2858 920 2882 ‚
1010 2826 1154 2869 cum
1228 2826 1413 2866 omne
1482 2806 1857 2884 beneficium
1925 2826 2140 2866 recens
2201 2787 2455 2884 placeat
2473 2851 2488 2880 ,

530 2929 669 3004 quid
714 2929 911 3005 faciet
929 2973 943 3000 ,
990 2946 1140 2987 cum
1181 2928 1404 3005 prima
1450 2927 1587 2985 eius
1633 2923 1923 3001 voluptas
1971 2923 2307 3000 refrioeerit
2325 2926 2357 2982 9

609 3040 676 3105 G.
733 3043 816 3104 14
832 3089 846 3118 ,
898 3045 968 3105 3:
1050 3044 1328 3104 Eoeorari
1373 3044 1444 3101 in
1485 3042 1840 3119 perniciem
1886 3040 2256 3117 royantium
2302 3057 2491 3098 saeva

523 3147 766 3221 bonitas
835 3167 942 3221 est.
1004 3194 1077 3204 -—
1128 3154 1464 3220 Sententia
1509 3157 1726 3239 aperte
1772 3153 2061 3238 flagitare
2108 3152 2270 3216 mihi
2314 3151 2489 3217 vide-

520 3275 625 3336 tur
691 3277 767 3337 ut
834 3296 946 3358 pro
1014 3298 1203 3337 saeva
1274 3274 1526 3359 legatur
1596 3295 1815 3337 scaeva
1837 3320 1852 3350 ‚
1923 3272 1964 3334 i.
2037 3293 2088 3335 e.
2161 3269 2357 3334 simlia
2425 3271 2491 3332 et

522 3390 777 3469 stolida,
827 3392 903 3455 cf.
955 3389 1117 3455 Gell.
1176 3393 1290 3469 12,
1345 3394 1472 3455 13:
1522 3389 1779 3455 scaevus
1826 3394 2120 3471 profecto,
2160 3398 2220 3452 et
2273 3410 2491 3452 caecus

524 3511 731 3568 animi
777 3509 1018 3585 forem,
1068 3511 1125 3568 si
1170 3514 1308 3568 cett.

612 3621 766 3685 Eod.
840 3644 972 3706 cap.
1045 3621 1340 3706 deinceps
1397 3622 1637 3705 legitur
1654 3623 1676 3683 ε’
1762 3623 2113 3684 Pecuniam
2158 3640 2289 3681 non
2334 3621 2490 3680 dabo

525 3762 718 3822 quam
762 3737 1265 3802 numeraturum
1311 3741 1644 3801 adulte-rae
1689 3739 1890 3800 sciam
1908 3784 1922 3813 ‚
1969 3758 2051 3799 ne
2096 3740 2168 3798 in
2200 3740 2490 3798 societate

525 3860 732 3936 turpis
779 3859 940 3934 facti
985 3864 1102 3919 aut
1147 3857 1394 3919 consilii
1441 3859 1757 3916 inveniar.
1809 3890 1891 3899 --
1947 3849 2015 3915 Si
2061 3846 2232 3914 recte
2276 3872 2487 3934 gram-

524 3970 822 4034 maticam
897 3970 1198 4034 memoria
1263 3971 1450 4032 izeneo
1517 3976 1940 4031 numeratum
2007 3970 2095 4028 iri
2168 3964 2489 4048 corrigen-

524 4085 674 4150 dum
732 4090 844 4151 est.

611 4202 708 4268 IV
727 4253 742 4282 ‚
803 4207 841 4269 6
861 4253 876 4283 ‚
926 4206 999 4268 6:
1091 4208 1298 4268 Insita
1371 4212 1525 4267 sunt
1594 4206 1770 4266 nobis
1838 4206 2131 4265 omnium
2198 4208 2489 4264 aetatum

472 4390 484 4405 ι
527 4328 936 4403 omniumqne
1005 4328 1253 4385 artium
1321 4326 1573 4385 semina
1639 4325 2059 4404 magisterque
2128 4343 2207 4386 eo:
2252 4322 2487 4385 occulto
