3142 5167
591 1315 1088 1412 HISTORIAM]
1152 1315 1645 1413 AUGUSTAE
1719 1317 2280 1414 SCRIPTORES.

829 1883 1107 1948 vutcmn
1147 1883 1457 1949 GAmCAm
1495 1885 1733 1948 Aleffls
1770 1886 2035 1949 CAssnss.

541 2149 608 2214 C.
661 2155 729 2230 4,
781 2152 816 2216 7
848 2149 936 2235 *):
984 2161 1044 2215 et
1088 2174 1235 2214 cum
1282 2155 1502 2231 inqcns
1549 2153 1773 2214 seditio
1800 2156 1873 2213 in
1897 2157 2252 2215 exercitum
2275 2159 2417 2214 orta

447 2277 604 2331 esset
617 2316 636 2347 ‚
700 2274 1002 2351 processit
1071 2273 1288 2333 nudus
1357 2273 1701 2349 campestri
1765 2271 1888 2330 solo
1935 2277 2134 2331 tectus
2180 2277 2241 2331 ct
2284 2273 2415 2331 ait:

445 2389 767 2450 Percutite
786 2435 801 2465 ‚
871 2391 1096 2468 inquid
1116 2434 1131 2465 ‚
1200 2409 1303 2449 me
1373 2394 1512 2449 cett.
1581 2421 1661 2433 -——
1711 2382 1971 2469 Duplici
2038 2385 2197 2449 vitio
2264 2384 2417 2448 haec

441 2503 632 2567 verba
675 2504 979 2568 laborant.
1054 2502 1341 2568 Primum
1385 2523 1499 2586 pro
1545 2508 1617 2565 in
1663 2507 2016 2566 exercitum
2062 2509 2203 2564 orta
2263 2501 2417 2564 scri-

446 2620 722 2684 bendum
766 2624 867 2683 est
911 2627 984 2683 in
1030 2626 1316 2685 exercitu
1363 2629 1557 2683 mota.
1610 2617 1856 2683 Deinde
1901 2618 2093 2682 verba
2138 2640 2417 2701 campes-

440 2741 529 2797 tri
557 2739 679 2797 solo
704 2744 899 2798 tectus
924 2736 1096 2799 ocius
1120 2734 1512 2798 eliminanda
1558 2756 1813 2811 censeo,
1860 2736 2080 2817 utpote
2102 2734 2419 2817 adscripta

447 2870 485 2910 a
551 2846 805 2931 stupido
865 2849 1134 2931 quodam
1179 2849 1437 2913 librario
1457 2896 1472 2926 ‚
1542 2848 1688 2931 qui,
1758 2869 1953 2930 quum
1997 2852 2216 2911 nudus
2258 2848 2320 2910 h.
2370 2846 2412 2910 l.

449 2970 719 3029 inermis
781 2966 992 3030 valere
1037 2967 1315 3050 turpiter
1362 2965 1671 3043 nesciret,
1744 2965 1982 3030 decoris
2029 2986 2214 3029 causa
2257 2963 2413 3029 Avi-

451 3080 625 3144 dium
673 3078 962 3144 Cassium
1007 3081 1344 3165 campestri
1392 3081 1622 3145 saltem
1668 3079 2104 3145 circumdedit.

537 3196 695 3261 Fere
769 3198 1048 3261 eiusdem
1116 3200 1301 3261 notae
1350 3197 1663 3282 glossema
1709 3197 2036 3261 invenitur
2082 3196 2153 3259 in
2198 3195 2416 3259 eadem

448 3313 583 3376 vita
630 3315 669 3376 8
684 3360 699 3391 ‚
754 3315 825 3375 1:
922 3314 1129 3395 Caput
1176 3319 1312 3377 eius
1358 3317 1443 3376 ad
1487 3316 1892 3376 Antoninum
1938 3333 2085 3374 cum
2129 3314 2416 3374 delatum
2529 3335 2612 3372 ..ο

448 3436 605 3491 esset
625 3475 640 3506 ‚
710 3431 816 3490 ille
859 3449 991 3491 non
1037 3431 1352 3492 exultavit
1369 3476 1384 3506 ‚
1453 3450 1583 3491 non
1631 3430 1836 3490 elatus
1883 3436 2014 3504 est,
2064 3431 2171 3490 sed
2217 3431 2415 3491 etidm

447 3545 681 3620 doluit,
730 3553 1017 3624 ereptam
1062 3548 1179 3607 sibi
1225 3566 1353 3608 esse
1396 3549 1786 3607 occasionem
1809 3523 2297 3607 misericordioe.
2327 3582 2415 3593 —

448 3656 660 3722 Verba
705 3681 836 3722 non
881 3662 1086 3724 elatus
1116 3669 1209 3723 est
1241 3660 1311 3723 in
1340 3660 1698 3744 marginem
1725 3658 2065 3743 releganda
2093 3658 2409 3724 videntur.

799 3945 943 4007 ΑΕΙ.ΙΙ
981 3944 1276 4006 [ΑΜΡΒΙΒΙΙ
1316 3944 1661 4007 COMMODUS
1697 3944 2057 4007 ΑΝΤΟΝΙΝυὸ.

542 4077 608 4142 O.
659 4083 697 4142 2
718 4127 734 4158 ,
798 4082 872 4144 9:
963 4081 1243 4161 Auriqae
1288 4083 1510 4148 habitu
1558 4102 1787 4143 currus
1833 4086 2035 4160 remit,
2098 4067 2410 4164 qladiizto·

450 4195 623 4257 ribus
668 4200 982 4273 convicuit,
1045 4217 1281 4277 aquam
1326 4202 1546 4278 fissit,
1611 4206 1685 4259 ut
1731 4200 2034 4261 lenonum
2078 4171 2406 4280 minister,

515 4357 562 4422 *)
597 4359 862 4430 Scriptores
898 4363 1142 4416 Historiae
1176 4366 1448 4430 Augustae,
1487 4378 1584 4422 rec.P
1625 4363 1693 4426 H.
1733 4364 1903 4438 Peter?
1946 4366 2135 4447 Lipsiae
2171 4368 2317 4431 1865„
