<?xml version="1.0" encoding="UTF-8"?>
<!DOCTYPE html PUBLIC "-//W3C//DTD XHTML 1.0 Transitional//EN"
    "http://www.w3.org/TR/xhtml1/DTD/xhtml1-transitional.dtd">
<html xmlns="http://www.w3.org/1999/xhtml" xml:lang="en" lang="en">
 <head>
  <title>
</title>
<meta http-equiv="Content-Type" content="text/html;charset=utf-8" />
  <meta name='ocr-system' content='tesseract 3.04.00' />
  <meta name='ocr-capabilities' content='ocr_page ocr_carea ocr_par ocr_line ocrx_word'/>
</head>
<body>
  <div class='ocr_page' id='page_1' title='image "./coniectanealati00corngoog_0062.png"; bbox 0 0 3142 5167; ppageno 0'>
   <div class='ocr_carea' id='block_1_1' title="bbox 1619 530 1702 590">
    <p class='ocr_par' dir='ltr' id='par_1_1' title="bbox 1619 530 1702 590">
     <span class='ocr_line' id='line_1_1' title="bbox 1619 530 1702 590; baseline 0 0"><span class='ocrx_word' id='word_1_1' title='bbox 1619 530 1702 590; x_wconf 88' lang='grc'><strong>42</strong></span> 
     </span>
    </p>
   </div>
   <div class='ocr_carea' id='block_1_2' title="bbox 618 727 2634 2327">
    <p class='ocr_par' dir='ltr' id='par_1_2' title="bbox 618 727 2634 2327">
     <span class='ocr_line' id='line_1_2' title="bbox 681 727 2634 820; baseline 0.006 -28"><span class='ocrx_word' id='word_1_2' title='bbox 681 727 824 792; x_wconf 84' lang='lat' dir='ltr'><strong>eina</strong></span> <span class='ocrx_word' id='word_1_3' title='bbox 871 734 990 806; x_wconf 84' lang='lat'><strong>34,</strong></span> <span class='ocrx_word' id='word_1_4' title='bbox 1046 732 1170 795; x_wconf 88' lang='grc'><strong>100</strong></span> <span class='ocrx_word' id='word_1_5' title='bbox 1221 732 1484 796; x_wconf 86' lang='lat' dir='ltr'><strong>exilium</strong></span> <span class='ocrx_word' id='word_1_6' title='bbox 1531 733 1692 798; x_wconf 79' lang='lat' dir='ltr'><strong>dicit</strong></span> <span class='ocrx_word' id='word_1_7' title='bbox 1723 741 2102 820; x_wconf 73' lang='lat' dir='ltr'><strong>perfuqiurn</strong></span> <span class='ocrx_word' id='word_1_8' title='bbox 2118 749 2461 820; x_wconf 81' lang='lat' dir='ltr'><strong>portusque</strong></span> <span class='ocrx_word' id='word_1_9' title='bbox 2484 762 2634 820; x_wconf 92' lang='lat' dir='ltr'><strong>sup-</strong></span> 
     </span>
     <span class='ocr_line' id='line_1_3' title="bbox 667 845 2630 936; baseline 0.006 -29"><span class='ocrx_word' id='word_1_10' title='bbox 667 848 882 925; x_wconf 85' lang='lat' dir='ltr'><strong>plicii,·</strong></span> <span class='ocrx_word' id='word_1_11' title='bbox 930 846 1006 910; x_wconf 87' lang='lat' dir='ltr'><strong>de</strong></span> <span class='ocrx_word' id='word_1_12' title='bbox 1054 845 1174 911; x_wconf 89' lang='lat' dir='ltr'><strong>Off.</strong></span> <span class='ocrx_word' id='word_1_13' title='bbox 1201 847 1286 911; x_wconf 88' lang='lat' dir='ltr'><strong>H.</strong></span> <span class='ocrx_word' id='word_1_14' title='bbox 1318 852 1379 926; x_wconf 85' lang='lat'><strong>8,</strong></span> <span class='ocrx_word' id='word_1_15' title='bbox 1412 852 1494 914; x_wconf 83' lang='lat'><strong>26</strong></span> <span class='ocrx_word' id='word_1_16' title='bbox 1520 855 1813 917; x_wconf 84' lang='lat' dir='ltr'><strong>senatum</strong></span> <span class='ocrx_word' id='word_1_17' title='bbox 1836 858 2017 919; x_wconf 77' lang='lat' dir='ltr'><strong>vocat</strong></span> <span class='ocrx_word' id='word_1_18' title='bbox 2046 861 2386 919; x_wconf 76' lang='lat' dir='ltr'><strong>nationum</strong></span> <span class='ocrx_word' id='word_1_19' title='bbox 2404 865 2630 936; x_wconf 89' lang='lat' dir='ltr'><strong>portus</strong></span> 
     </span>
     <span class='ocr_line' id='line_1_4' title="bbox 673 965 2626 1056; baseline 0.004 -29"><span class='ocrx_word' id='word_1_20' title='bbox 673 974 732 1026; x_wconf 88' lang='lat' dir='ltr'><strong>et</strong></span> <span class='ocrx_word' id='word_1_21' title='bbox 777 972 1123 1048; x_wconf 73' lang='lat' dir='ltr'><strong>resuqium.</strong></span> <span class='ocrx_word' id='word_1_22' title='bbox 1219 965 1340 1031; x_wconf 83' lang='lat' dir='ltr'><strong>Sed</strong></span> <span class='ocrx_word' id='word_1_23' title='bbox 1387 969 1643 1054; x_wconf 83' lang='lat' dir='ltr'><strong>singula</strong></span> <span class='ocrx_word' id='word_1_24' title='bbox 1687 993 1953 1055; x_wconf 83' lang='lat' dir='ltr'><strong>persona</strong></span> <span class='ocrx_word' id='word_1_25' title='bbox 1997 994 2307 1056; x_wconf 77' lang='lat' dir='ltr'><strong>nusquam</strong></span> <span class='ocrx_word' id='word_1_26' title='bbox 2350 971 2626 1035; x_wconf 82' lang='lat' dir='ltr'><strong>locorum</strong></span> 
     </span>
     <span class='ocr_line' id='line_1_5' title="bbox 671 1080 2622 1171; baseline 0.003 -28"><span class='ocrx_word' id='word_1_27' title='bbox 671 1080 1048 1164; x_wconf 80' lang='lat' dir='ltr'><strong>simpliciter</strong></span> <span class='ocrx_word' id='word_1_28' title='bbox 1086 1093 1312 1164; x_wconf 85' lang='lat' dir='ltr'><strong>portus</strong></span> <span class='ocrx_word' id='word_1_29' title='bbox 1358 1083 1631 1148; x_wconf 84' lang='lat' dir='ltr'><strong>alieuius</strong></span> <span class='ocrx_word' id='word_1_30' title='bbox 1677 1089 1967 1163; x_wconf 83' lang='lat' dir='ltr'><strong>vocatur,</strong></span> <span class='ocrx_word' id='word_1_31' title='bbox 2015 1108 2142 1150; x_wconf 92' lang='lat' dir='ltr'><strong>non</strong></span> <span class='ocrx_word' id='word_1_32' title='bbox 2188 1088 2390 1171; x_wconf 80' lang='lat' dir='ltr'><strong>magis</strong></span> <span class='ocrx_word' id='word_1_33' title='bbox 2435 1107 2622 1170; x_wconf 85' lang='lat' dir='ltr'><strong>quam</strong></span> 
     </span>
     <span class='ocr_line' id='line_1_6' title="bbox 670 1196 2616 1283; baseline 0.002 -27"><span class='ocrx_word' id='word_1_34' title='bbox 670 1200 850 1259; x_wconf 77' lang='lat' dir='ltr'><strong>sinus</strong></span> <span class='ocrx_word' id='word_1_35' title='bbox 895 1196 1163 1260; x_wconf 85' lang='lat' dir='ltr'><strong>alieuius</strong></span> <span class='ocrx_word' id='word_1_36' title='bbox 1182 1245 1197 1274; x_wconf 92' lang='lat'>‚</span> <span class='ocrx_word' id='word_1_37' title='bbox 1245 1219 1625 1282; x_wconf 90' lang='lat' dir='ltr'><strong>quamquam</strong></span> <span class='ocrx_word' id='word_1_38' title='bbox 1649 1207 1827 1264; x_wconf 83' lang='lat' dir='ltr'><strong>sinus</strong></span> <span class='ocrx_word' id='word_1_39' title='bbox 1850 1221 2320 1283; x_wconf 85' lang='lat' dir='ltr'><strong>nonnumquam</strong></span> <span class='ocrx_word' id='word_1_40' title='bbox 2341 1199 2616 1283; x_wconf 84' lang='lat' dir='ltr'><strong>perfugii</strong></span> 
     </span>
     <span class='ocr_line' id='line_1_7' title="bbox 669 1312 2606 1400; baseline 0.002 -26"><span class='ocrx_word' id='word_1_41' title='bbox 669 1312 991 1376; x_wconf 89' lang='lat' dir='ltr'><strong>notionem</strong></span> <span class='ocrx_word' id='word_1_42' title='bbox 1065 1313 1255 1377; x_wconf 90' lang='lat' dir='ltr'><strong>habet</strong></span> <span class='ocrx_word' id='word_1_43' title='bbox 1321 1315 1486 1398; x_wconf 89' lang='lat' dir='ltr'><strong>apud</strong></span> <span class='ocrx_word' id='word_1_44' title='bbox 1552 1319 1885 1400; x_wconf 74' lang='lat' dir='ltr'><strong>argenteae</strong></span> <span class='ocrx_word' id='word_1_45' title='bbox 1951 1316 2176 1379; x_wconf 84' lang='lat' dir='ltr'><strong>aetatis</strong></span> <span class='ocrx_word' id='word_1_46' title='bbox 2243 1317 2606 1400; x_wconf 58' lang='lat' dir='ltr'><strong>scriptores»,</strong></span> 
     </span>
     <span class='ocr_line' id='line_1_8' title="bbox 668 1426 2608 1514; baseline 0.002 -24"><span class='ocrx_word' id='word_1_47' title='bbox 668 1429 742 1490; x_wconf 92' lang='lat' dir='ltr'><strong>ut</strong></span> <span class='ocrx_word' id='word_1_48' title='bbox 770 1428 935 1511; x_wconf 86' lang='lat' dir='ltr'><strong>apud</strong></span> <span class='ocrx_word' id='word_1_49' title='bbox 958 1426 1124 1492; x_wconf 90' lang='lat' dir='ltr'><strong>Plin.</strong></span> <span class='ocrx_word' id='word_1_50' title='bbox 1150 1427 1386 1514; x_wconf 84' lang='lat' dir='ltr'><strong>Paneg.</strong></span> <span class='ocrx_word' id='word_1_51' title='bbox 1416 1432 1489 1494; x_wconf 87' lang='lat'><strong>6:</strong></span> <span class='ocrx_word' id='word_1_52' title='bbox 1537 1434 1822 1512; x_wconf 74' lang='lat' dir='ltr'><strong>eonfuqit</strong></span> <span class='ocrx_word' id='word_1_53' title='bbox 1844 1436 1916 1494; x_wconf 74' lang='lat' dir='ltr'><strong>iri</strong></span> <span class='ocrx_word' id='word_1_54' title='bbox 1939 1436 2156 1494; x_wconf 77' lang='lat' dir='ltr'><strong>sinum</strong></span> <span class='ocrx_word' id='word_1_55' title='bbox 2180 1440 2368 1496; x_wconf 83' lang='lat' dir='ltr'><strong>tuum</strong></span> <span class='ocrx_word' id='word_1_56' title='bbox 2391 1453 2608 1512; x_wconf 90' lang='lat' dir='ltr'><strong>respu-</strong></span> 
     </span>
     <span class='ocr_line' id='line_1_9' title="bbox 665 1542 2610 1628; baseline 0.002 -24"><span class='ocrx_word' id='word_1_57' title='bbox 665 1545 822 1605; x_wconf 83' lang='lat' dir='ltr'><em>blica</em></span> <span class='ocrx_word' id='word_1_58' title='bbox 838 1566 862 1622; x_wconf 90' lang='lat'><em>;</em></span> <span class='ocrx_word' id='word_1_59' title='bbox 923 1542 1066 1607; x_wconf 81' lang='lat' dir='ltr'><strong>Tae.</strong></span> <span class='ocrx_word' id='word_1_60' title='bbox 1129 1543 1298 1608; x_wconf 84' lang='lat' dir='ltr'><strong>Hist.</strong></span> <span class='ocrx_word' id='word_1_61' title='bbox 1362 1543 1477 1609; x_wconf 88' lang='lat' dir='ltr'><strong>IH.</strong></span> <span class='ocrx_word' id='word_1_62' title='bbox 1527 1546 1647 1609; x_wconf 86' lang='lat'><strong>69:</strong></span> <span class='ocrx_word' id='word_1_63' title='bbox 1717 1550 2070 1628; x_wconf 80' lang='lat' dir='ltr'><em>respublica</em></span> <span class='ocrx_word' id='word_1_64' title='bbox 2115 1552 2188 1609; x_wconf 74' lang='lat' dir='ltr'><strong>iri</strong></span> <span class='ocrx_word' id='word_1_65' title='bbox 2244 1550 2610 1628; x_wconf 76' lang='lat' dir='ltr'><strong>Vespasiani</strong></span> 
     </span>
     <span class='ocr_line' id='line_1_10' title="bbox 665 1660 2609 1746; baseline 0.002 -24"><span class='ocrx_word' id='word_1_66' title='bbox 665 1665 882 1724; x_wconf 80' lang='lat' dir='ltr'><strong>sinum</strong></span> <span class='ocrx_word' id='word_1_67' title='bbox 928 1666 1219 1723; x_wconf 80' lang='lat' dir='ltr'><strong><em>cessisset.</em></strong></span> <span class='ocrx_word' id='word_1_68' title='bbox 1318 1660 1469 1727; x_wconf 81' lang='lat' dir='ltr'><strong>Voe.</strong></span> <span class='ocrx_word' id='word_1_69' title='bbox 1513 1669 1884 1744; x_wconf 84' lang='lat' dir='ltr'><strong>praemium</strong></span> <span class='ocrx_word' id='word_1_70' title='bbox 1933 1663 2203 1746; x_wconf 87' lang='lat' dir='ltr'><strong>denique</strong></span> <span class='ocrx_word' id='word_1_71' title='bbox 2249 1663 2326 1726; x_wconf 83' lang='lat' dir='ltr'><strong>de</strong></span> <span class='ocrx_word' id='word_1_72' title='bbox 2369 1664 2609 1725; x_wconf 86' lang='lat' dir='ltr'><strong>fautore</strong></span> 
     </span>
     <span class='ocr_line' id='line_1_11' title="bbox 664 1777 2616 1865; baseline -0.001 -25"><span class='ocrx_word' id='word_1_73' title='bbox 664 1777 764 1840; x_wconf 85' lang='lat' dir='ltr'><strong>vel</strong></span> <span class='ocrx_word' id='word_1_74' title='bbox 811 1778 1122 1842; x_wconf 79' lang='lat' dir='ltr'><strong>columine</strong></span> <span class='ocrx_word' id='word_1_75' title='bbox 1169 1778 1438 1843; x_wconf 83' lang='lat' dir='ltr'><strong>alieuius</strong></span> <span class='ocrx_word' id='word_1_76' title='bbox 1483 1802 1565 1844; x_wconf 90' lang='lat' dir='ltr'><strong>ne</strong></span> <span class='ocrx_word' id='word_1_77' title='bbox 1614 1781 1804 1845; x_wconf 84' lang='lat' dir='ltr'><strong>semel</strong></span> <span class='ocrx_word' id='word_1_78' title='bbox 1849 1780 2104 1865; x_wconf 87' lang='lat' dir='ltr'><strong>quidem</strong></span> <span class='ocrx_word' id='word_1_79' title='bbox 2150 1779 2316 1863; x_wconf 84' lang='lat' dir='ltr'><strong>apud</strong></span> <span class='ocrx_word' id='word_1_80' title='bbox 2356 1777 2616 1842; x_wconf 82' lang='lat' dir='ltr'><strong>Latinos</strong></span> 
     </span>
     <span class='ocr_line' id='line_1_12' title="bbox 665 1895 2619 1982; baseline -0.001 -25"><span class='ocrx_word' id='word_1_81' title='bbox 665 1895 1000 1978; x_wconf 73' lang='lat' dir='ltr'><strong>scriptores</strong></span> <span class='ocrx_word' id='word_1_82' title='bbox 1068 1896 1376 1980; x_wconf 84' lang='lat' dir='ltr'><strong>seriptum</strong></span> <span class='ocrx_word' id='word_1_83' title='bbox 1449 1897 1758 1963; x_wconf 85' lang='lat' dir='ltr'><strong>invenies.</strong></span> <span class='ocrx_word' id='word_1_84' title='bbox 1855 1897 2025 1973; x_wconf 84' lang='lat' dir='ltr'><strong>Quae</strong></span> <span class='ocrx_word' id='word_1_85' title='bbox 2071 1919 2267 1982; x_wconf 91' lang='lat' dir='ltr'><strong>quum</strong></span> <span class='ocrx_word' id='word_1_86' title='bbox 2311 1896 2404 1959; x_wconf 86' lang='lat' dir='ltr'><strong>ita</strong></span> <span class='ocrx_word' id='word_1_87' title='bbox 2449 1895 2619 1970; x_wconf 85' lang='grc'><strong>311113,</strong></span> 
     </span>
     <span class='ocr_line' id='line_1_13' title="bbox 659 2010 2622 2097; baseline -0.001 -24"><span class='ocrx_word' id='word_1_88' title='bbox 659 2017 1067 2093; x_wconf 76' lang='lat' dir='ltr'><strong>portussinus</strong></span> <span class='ocrx_word' id='word_1_89' title='bbox 1106 2017 1477 2093; x_wconf 83' lang='lat' dir='ltr'><strong>praemium</strong></span> <span class='ocrx_word' id='word_1_90' title='bbox 1521 2011 1921 2076; x_wconf 83' lang='lat' dir='ltr'><strong>librariorum</strong></span> <span class='ocrx_word' id='word_1_91' title='bbox 1966 2012 2364 2097; x_wconf 73' lang='lat' dir='ltr'><strong>negligentia</strong></span> <span class='ocrx_word' id='word_1_92' title='bbox 2405 2010 2622 2094; x_wconf 87' lang='lat' dir='ltr'><strong>depra-</strong></span> 
     </span>
     <span class='ocr_line' id='line_1_14' title="bbox 618 2121 2624 2209; baseline -0.002 -20"><span class='ocrx_word' id='word_1_93' title='bbox 618 2127 882 2202; x_wconf 66' lang='lat' dir='ltr'><strong>⁴vatum</strong></span> <span class='ocrx_word' id='word_1_94' title='bbox 947 2126 1228 2209; x_wconf 83' lang='lat' dir='ltr'><strong>suspicor</strong></span> <span class='ocrx_word' id='word_1_95' title='bbox 1295 2146 1373 2188; x_wconf 87' lang='lat' dir='ltr'><strong>ex</strong></span> <span class='ocrx_word' id='word_1_96' title='bbox 1439 2129 1873 2203; x_wconf 82' lang='lat' dir='ltr'><strong>fortissimum</strong></span> <span class='ocrx_word' id='word_1_97' title='bbox 1941 2129 2340 2203; x_wconf 80' lang='lat' dir='ltr'><strong>praesidium</strong></span> <span class='ocrx_word' id='word_1_98' title='bbox 2365 2170 2380 2199; x_wconf 90' lang='lat'>‚</span> <span class='ocrx_word' id='word_1_99' title='bbox 2458 2121 2624 2206; x_wconf 87' lang='lat' dir='ltr'><strong>quod</strong></span> 
     </span>
     <span class='ocr_line' id='line_1_15' title="bbox 663 2235 2622 2327; baseline -0.003 -20"><span class='ocrx_word' id='word_1_100' title='bbox 663 2242 876 2307; x_wconf 91' lang='lat' dir='ltr'><strong>Plinio</strong></span> <span class='ocrx_word' id='word_1_101' title='bbox 944 2265 1133 2327; x_wconf 92' lang='lat' dir='ltr'><strong>quam</strong></span> <span class='ocrx_word' id='word_1_102' title='bbox 1197 2243 1472 2326; x_wconf 87' lang='lat' dir='ltr'><strong>primum</strong></span> <span class='ocrx_word' id='word_1_103' title='bbox 1517 2239 1903 2303; x_wconf 85' lang='lat' dir='ltr'><strong>reddendum</strong></span> <span class='ocrx_word' id='word_1_104' title='bbox 1950 2239 2088 2300; x_wconf 85' lang='lat' dir='ltr'><strong>erit.</strong></span> <span class='ocrx_word' id='word_1_105' title='bbox 2183 2235 2275 2299; x_wconf 81' lang='lat' dir='ltr'><strong>Of.</strong></span> <span class='ocrx_word' id='word_1_106' title='bbox 2328 2237 2457 2301; x_wconf 84' lang='lat' dir='ltr'><strong>Cic.</strong></span> <span class='ocrx_word' id='word_1_107' title='bbox 2508 2260 2622 2321; x_wconf 85' lang='lat' dir='ltr'><strong>pro</strong></span> 
     </span>
    </p>
   </div>
   <div class='ocr_carea' id='block_1_3' title="bbox 663 2357 2623 2554">
    <p class='ocr_par' dir='ltr' id='par_1_3' title="bbox 663 2357 2623 2554">
     <span class='ocr_line' id='line_1_16' title="bbox 663 2357 1846 2434; baseline -0.008 -11"><span class='ocrx_word' id='word_1_108' title='bbox 663 2357 837 2424; x_wconf 84' lang='lat' dir='ltr'><strong>Sulla</strong></span> <span class='ocrx_word' id='word_1_109' title='bbox 883 2360 999 2434; x_wconf 84' lang='lat'><strong>28,</strong></span> <span class='ocrx_word' id='word_1_110' title='bbox 1050 2358 1151 2421; x_wconf 89' lang='grc'><strong>77.</strong></span> <span class='ocrx_word' id='word_1_111' title='bbox 1841 2409 1846 2414; x_wconf 90' lang='grc'><strong>.</strong></span> 
     </span>
     <span class='ocr_line' id='line_1_17' title="bbox 754 2467 2623 2554; baseline -0.004 -16"><span class='ocrx_word' id='word_1_112' title='bbox 754 2472 932 2537; x_wconf 87' lang='lat' dir='ltr'><strong>VIII.</strong></span> <span class='ocrx_word' id='word_1_113' title='bbox 987 2473 1099 2548; x_wconf 86' lang='lat'><strong>20,</strong></span> <span class='ocrx_word' id='word_1_114' title='bbox 1147 2475 1219 2535; x_wconf 86' lang='lat'><strong>4:</strong></span> <span class='ocrx_word' id='word_1_115' title='bbox 1298 2467 1574 2554; x_wconf 87' lang='lat' dir='ltr'><strong>[Aquae]</strong></span> <span class='ocrx_word' id='word_1_116' title='bbox 1622 2470 1784 2529; x_wconf 86' lang='lat' dir='ltr'><strong>color</strong></span> <span class='ocrx_word' id='word_1_117' title='bbox 1830 2469 2081 2529; x_wconf 81' lang='lat' dir='ltr'><strong>caerulo</strong></span> <span class='ocrx_word' id='word_1_118' title='bbox 2126 2469 2423 2544; x_wconf 85' lang='lat' dir='ltr'><strong>albidior‚</strong></span> <span class='ocrx_word' id='word_1_119' title='bbox 2468 2474 2623 2531; x_wconf 86' lang='lat' dir='ltr'><strong>viri-</strong></span> 
     </span>
    </p>
   </div>
   <div class='ocr_carea' id='block_1_4' title="bbox 665 2585 2626 3121">
    <p class='ocr_par' dir='ltr' id='par_1_4' title="bbox 665 2585 2626 3121">
     <span class='ocr_line' id='line_1_18' title="bbox 668 2585 2623 2669; baseline -0.003 -17"><span class='ocrx_word' id='word_1_120' title='bbox 668 2594 810 2653; x_wconf 88' lang='lat' dir='ltr'><strong>dior</strong></span> <span class='ocrx_word' id='word_1_121' title='bbox 878 2596 938 2650; x_wconf 86' lang='lat' dir='ltr'><strong>et</strong></span> <span class='ocrx_word' id='word_1_122' title='bbox 977 2591 1254 2669; x_wconf 80' lang='lat' dir='ltr'><strong>pressior</strong></span> <span class='ocrx_word' id='word_1_123' title='bbox 1271 2632 1285 2660; x_wconf 88' lang='lat'>‚</span> <span class='ocrx_word' id='word_1_124' title='bbox 1355 2585 1639 2664; x_wconf 83' lang='lat' dir='ltr'><strong>sulpuris</strong></span> <span class='ocrx_word' id='word_1_125' title='bbox 1674 2585 1836 2644; x_wconf 86' lang='lat' dir='ltr'><strong>-odor</strong></span> <span class='ocrx_word' id='word_1_126' title='bbox 1880 2603 2190 2663; x_wconf 83' lang='lat' dir='ltr'><strong>saporque</strong></span> <span class='ocrx_word' id='word_1_127' title='bbox 2234 2587 2623 2661; x_wconf 83' lang='lat' dir='ltr'><strong>medicatus,</strong></span> 
     </span>
     <span class='ocr_line' id='line_1_19' title="bbox 667 2696 2626 2783; baseline -0.002 -17"><span class='ocrx_word' id='word_1_128' title='bbox 667 2708 797 2779; x_wconf 80' lang='lat' dir='ltr'><strong>viS‚</strong></span> <span class='ocrx_word' id='word_1_129' title='bbox 868 2724 993 2783; x_wconf 80' lang='lat' dir='ltr'><strong>qua</strong></span> <span class='ocrx_word' id='word_1_130' title='bbox 1062 2704 1276 2780; x_wconf 79' lang='lat' dir='ltr'><strong>fracta</strong></span> <span class='ocrx_word' id='word_1_131' title='bbox 1344 2700 1721 2761; x_wconf 77' lang='lat' dir='ltr'><strong>solidantur.</strong></span> <span class='ocrx_word' id='word_1_132' title='bbox 1790 2732 1875 2743; x_wconf 84' lang='lat'><strong>--</strong></span> <span class='ocrx_word' id='word_1_133' title='bbox 1922 2696 2023 2760; x_wconf 84' lang='lat' dir='ltr'><strong>Ex</strong></span> <span class='ocrx_word' id='word_1_134' title='bbox 2087 2697 2187 2761; x_wconf 85' lang='lat' dir='ltr'><strong>his</strong></span> <span class='ocrx_word' id='word_1_135' title='bbox 2256 2698 2465 2762; x_wconf 83' lang='lat' dir='ltr'><strong>verbis</strong></span> <span class='ocrx_word' id='word_1_136' title='bbox 2533 2701 2626 2763; x_wconf 88' lang='lat' dir='ltr'><strong>ita</strong></span> 
     </span>
     <span class='ocr_line' id='line_1_20' title="bbox 669 2812 2623 2901; baseline -0.001 -21"><span class='ocrx_word' id='word_1_137' title='bbox 669 2817 923 2901; x_wconf 84' lang='lat' dir='ltr'><strong>seriptis</strong></span> <span class='ocrx_word' id='word_1_138' title='bbox 969 2835 1222 2899; x_wconf 84' lang='lat' dir='ltr'><strong>prorsus</strong></span> <span class='ocrx_word' id='word_1_139' title='bbox 1267 2812 1444 2876; x_wconf 85' lang='lat' dir='ltr'><strong>nulla</strong></span> <span class='ocrx_word' id='word_1_140' title='bbox 1490 2812 1807 2879; x_wconf 87' lang='lat' dir='ltr'><strong>sententia</strong></span> <span class='ocrx_word' id='word_1_141' title='bbox 1855 2812 2000 2877; x_wconf 85' lang='grc'><strong>31131</strong></span> <span class='ocrx_word' id='word_1_142' title='bbox 2044 2816 2291 2896; x_wconf 85' lang='lat' dir='ltr'><strong>potest,</strong></span> <span class='ocrx_word' id='word_1_143' title='bbox 2336 2815 2466 2878; x_wconf 87' lang='lat' dir='ltr'><strong>nisi</strong></span> <span class='ocrx_word' id='word_1_144' title='bbox 2510 2837 2623 2899; x_wconf 89' lang='lat' dir='ltr'><strong>pro</strong></span> 
     </span>
     <span class='ocr_line' id='line_1_21' title="bbox 668 2929 2623 3016; baseline -0.001 -20"><span class='ocrx_word' id='word_1_145' title='bbox 668 2937 950 3016; x_wconf 83' lang='lat' dir='ltr'><strong>sulpuris</strong></span> <span class='ocrx_word' id='word_1_146' title='bbox 1019 2929 1420 2994; x_wconf 85' lang='lat' dir='ltr'><strong>substitueris</strong></span> <span class='ocrx_word' id='word_1_147' title='bbox 1467 2932 1729 3010; x_wconf 87' lang='lat' dir='ltr'><strong>sulpure</strong></span> <span class='ocrx_word' id='word_1_148' title='bbox 1774 2930 1838 2991; x_wconf 90' lang='lat' dir='ltr'><strong>et</strong></span> <span class='ocrx_word' id='word_1_149' title='bbox 1885 2929 2462 3013; x_wconf 81' lang='lat' dir='ltr'><strong>interpunctionem</strong></span> <span class='ocrx_word' id='word_1_150' title='bbox 2507 2930 2623 2994; x_wconf 85' lang='lat' dir='ltr'><strong>hoe</strong></span> 
     </span>
     <span class='ocr_line' id='line_1_22' title="bbox 665 3047 2625 3121; baseline -0.002 -8"><span class='ocrx_word' id='word_1_151' title='bbox 665 3049 847 3113; x_wconf 92' lang='lat' dir='ltr'><strong>modo</strong></span> <span class='ocrx_word' id='word_1_152' title='bbox 914 3047 1292 3111; x_wconf 73' lang='lat' dir='ltr'><strong>mutaveris:</strong></span> <span class='ocrx_word' id='word_1_153' title='bbox 1365 3049 1527 3109; x_wconf 86' lang='lat' dir='ltr'><strong>color</strong></span> <span class='ocrx_word' id='word_1_154' title='bbox 1588 3049 1836 3108; x_wconf 85' lang='lat' dir='ltr'><strong>caerulo</strong></span> <span class='ocrx_word' id='word_1_155' title='bbox 1884 3049 2183 3121; x_wconf 86' lang='lat' dir='ltr'><strong>albidior‚</strong></span> <span class='ocrx_word' id='word_1_156' title='bbox 2252 3051 2520 3109; x_wconf 86' lang='lat' dir='ltr'><strong>viridior</strong></span> <span class='ocrx_word' id='word_1_157' title='bbox 2564 3057 2625 3110; x_wconf 86' lang='lat' dir='ltr'><strong>et</strong></span> 
     </span>
    </p>
   </div>
   <div class='ocr_carea' id='block_1_5' title="bbox 560 3167 2574 3250">
    <p class='ocr_par' dir='ltr' id='par_1_5' title="bbox 560 3167 2574 3250">
     <span class='ocr_line' id='line_1_23' title="bbox 560 3167 2574 3250; baseline -0.001 -19"><span class='ocrx_word' id='word_1_158' title='bbox 560 3172 566 3178; x_wconf 82' lang='grc'><em>’</em></span> <span class='ocrx_word' id='word_1_159' title='bbox 658 3172 937 3250; x_wconf 87' lang='lat' dir='ltr'><strong>pressior</strong></span> <span class='ocrx_word' id='word_1_160' title='bbox 982 3169 1274 3248; x_wconf 87' lang='lat' dir='ltr'><strong>sulpure,</strong></span> <span class='ocrx_word' id='word_1_161' title='bbox 1324 3168 1475 3226; x_wconf 86' lang='lat' dir='ltr'><strong>odor</strong></span> <span class='ocrx_word' id='word_1_162' title='bbox 1513 3185 1821 3244; x_wconf 81' lang='lat' dir='ltr'><strong>saporque</strong></span> <span class='ocrx_word' id='word_1_163' title='bbox 1868 3167 2251 3242; x_wconf 83' lang='lat' dir='ltr'><strong>medicatus,</strong></span> <span class='ocrx_word' id='word_1_164' title='bbox 2298 3170 2392 3228; x_wconf 85' lang='lat' dir='ltr'><strong>vis</strong></span> <span class='ocrx_word' id='word_1_165' title='bbox 2437 3174 2574 3229; x_wconf 84' lang='lat' dir='ltr'><strong>cett.</strong></span> 
     </span>
    </p>
   </div>
   <div class='ocr_carea' id='block_1_6' title="bbox 660 3280 2622 4410">
    <p class='ocr_par' dir='ltr' id='par_1_6' title="bbox 661 3280 2622 3696">
     <span class='ocr_line' id='line_1_24' title="bbox 752 3280 2622 3359; baseline -0.002 -15"><span class='ocrx_word' id='word_1_166' title='bbox 752 3280 900 3344; x_wconf 90' lang='lat' dir='ltr'><strong>VH.</strong></span> <span class='ocrx_word' id='word_1_167' title='bbox 953 3284 1070 3357; x_wconf 84' lang='lat'><strong>21,</strong></span> <span class='ocrx_word' id='word_1_168' title='bbox 1134 3280 1208 3342; x_wconf 89' lang='lat'><strong>5:</strong></span> <span class='ocrx_word' id='word_1_169' title='bbox 1300 3281 1621 3340; x_wconf 83' lang='lat' dir='ltr'><strong>Delicatus</strong></span> <span class='ocrx_word' id='word_1_170' title='bbox 1668 3299 1742 3339; x_wconf 85' lang='lat' dir='ltr'><strong>ae</strong></span> <span class='ocrx_word' id='word_1_171' title='bbox 1787 3281 2016 3340; x_wconf 81' lang='lat' dir='ltr'><strong>similis</strong></span> <span class='ocrx_word' id='word_1_172' title='bbox 2061 3283 2271 3358; x_wconf 72' lang='lat' dir='ltr'><strong>iqnoto</strong></span> <span class='ocrx_word' id='word_1_173' title='bbox 2317 3286 2443 3356; x_wconf 86' lang='lat' dir='ltr'><strong>est,</strong></span> <span class='ocrx_word' id='word_1_174' title='bbox 2512 3285 2622 3359; x_wconf 83' lang='lat' dir='ltr'><strong>qui</strong></span> 
     </span>
     <span class='ocr_line' id='line_1_25' title="bbox 664 3396 2619 3475; baseline -0.002 -13"><span class='ocrx_word' id='word_1_175' title='bbox 664 3404 860 3462; x_wconf 83' lang='lat' dir='ltr'><strong>amici</strong></span> <span class='ocrx_word' id='word_1_176' title='bbox 906 3401 1140 3461; x_wconf 83' lang='lat' dir='ltr'><strong>librum</strong></span> <span class='ocrx_word' id='word_1_177' title='bbox 1186 3400 1415 3459; x_wconf 77' lang='lat' dir='ltr'><strong>borium</strong></span> <span class='ocrx_word' id='word_1_178' title='bbox 1465 3396 1713 3457; x_wconf 85' lang='lat' dir='ltr'><strong>mavult</strong></span> <span class='ocrx_word' id='word_1_179' title='bbox 1759 3398 1987 3457; x_wconf 86' lang='lat' dir='ltr'><strong>audire</strong></span> <span class='ocrx_word' id='word_1_180' title='bbox 2030 3416 2223 3475; x_wconf 80' lang='lat' dir='ltr'><strong>quam</strong></span> <span class='ocrx_word' id='word_1_181' title='bbox 2269 3399 2500 3475; x_wconf 82' lang='lat' dir='ltr'><strong>facere.</strong></span> <span class='ocrx_word' id='word_1_182' title='bbox 2535 3435 2619 3443; x_wconf 90' lang='lat'><strong>—</strong></span> 
     </span>
     <span class='ocr_line' id='line_1_26' title="bbox 661 3511 2615 3596; baseline -0.001 -16"><span class='ocrx_word' id='word_1_183' title='bbox 661 3514 946 3581; x_wconf 92' lang='lat' dir='ltr'><strong>Plinium</strong></span> <span class='ocrx_word' id='word_1_184' title='bbox 990 3536 1118 3579; x_wconf 97' lang='lat' dir='ltr'><strong>non</strong></span> <span class='ocrx_word' id='word_1_185' title='bbox 1164 3520 1373 3596; x_wconf 71' lang='lat' dir='ltr'><strong>iqnoto</strong></span> <span class='ocrx_word' id='word_1_186' title='bbox 1421 3511 1528 3575; x_wconf 86' lang='lat' dir='ltr'><strong>sed</strong></span> <span class='ocrx_word' id='word_1_187' title='bbox 1576 3516 1803 3593; x_wconf 68' lang='lat' dir='ltr'><strong>iynavo</strong></span> <span class='ocrx_word' id='word_1_188' title='bbox 1849 3512 2171 3595; x_wconf 80' lang='lat' dir='ltr'><strong>scripsisse</strong></span> <span class='ocrx_word' id='word_1_189' title='bbox 2217 3514 2354 3596; x_wconf 84' lang='lat' dir='ltr'><strong>ipsa</strong></span> <span class='ocrx_word' id='word_1_190' title='bbox 2398 3514 2615 3578; x_wconf 86' lang='lat' dir='ltr'><strong>verbo-</strong></span> 
     </span>
     <span class='ocr_line' id='line_1_27' title="bbox 661 3628 1410 3696; baseline -0.007 -1"><span class='ocrx_word' id='word_1_191' title='bbox 661 3654 803 3695; x_wconf 87' lang='lat' dir='ltr'><strong>rum</strong></span> <span class='ocrx_word' id='word_1_192' title='bbox 849 3630 1168 3696; x_wconf 85' lang='lat' dir='ltr'><strong>sententia</strong></span> <span class='ocrx_word' id='word_1_193' title='bbox 1214 3628 1410 3692; x_wconf 80' lang='lat' dir='ltr'><strong>docet.</strong></span> 
     </span>
    </p>

    <p class='ocr_par' dir='ltr' id='par_1_7' title="bbox 660 3746 2615 4164">
     <span class='ocr_line' id='line_1_28' title="bbox 749 3746 2615 3828; baseline -0.002 -16"><span class='ocrx_word' id='word_1_194' title='bbox 749 3748 861 3812; x_wconf 92' lang='lat' dir='ltr'><strong>IX.</strong></span> <span class='ocrx_word' id='word_1_195' title='bbox 935 3750 1049 3825; x_wconf 87' lang='lat'><strong>11,</strong></span> <span class='ocrx_word' id='word_1_196' title='bbox 1122 3750 1198 3809; x_wconf 85' lang='lat'><strong>2:</strong></span> <span class='ocrx_word' id='word_1_197' title='bbox 1290 3747 1670 3825; x_wconf 88' lang='lat' dir='ltr'><strong>Bibliopolas</strong></span> <span class='ocrx_word' id='word_1_198' title='bbox 1733 3746 2036 3825; x_wconf 68' lang='lat' dir='ltr'><strong>Luyduni</strong></span> <span class='ocrx_word' id='word_1_199' title='bbox 2082 3766 2210 3807; x_wconf 85' lang='lat' dir='ltr'><strong>esse</strong></span> <span class='ocrx_word' id='word_1_200' title='bbox 2253 3768 2383 3808; x_wconf 75' lang='lat' dir='ltr'><strong>non</strong></span> <span class='ocrx_word' id='word_1_201' title='bbox 2422 3756 2615 3828; x_wconf 81' lang='lat' dir='ltr'><strong>puta-</strong></span> 
     </span>
     <span class='ocr_line' id='line_1_29' title="bbox 660 3849 2615 3943; baseline -0.002 -14"><span class='ocrx_word' id='word_1_202' title='bbox 660 3872 804 3929; x_wconf 84' lang='lat' dir='ltr'><strong>bam</strong></span> <span class='ocrx_word' id='word_1_203' title='bbox 827 3914 841 3942; x_wconf 91' lang='lat'>‚</span> <span class='ocrx_word' id='word_1_204' title='bbox 904 3888 978 3928; x_wconf 86' lang='lat' dir='ltr'><strong>ae</strong></span> <span class='ocrx_word' id='word_1_205' title='bbox 1023 3873 1203 3927; x_wconf 77' lang='lat' dir='ltr'><strong>tanto</strong></span> <span class='ocrx_word' id='word_1_206' title='bbox 1249 3866 1545 3926; x_wconf 77' lang='lat' dir='ltr'><strong>libentius</strong></span> <span class='ocrx_word' id='word_1_207' title='bbox 1592 3883 1672 3923; x_wconf 81' lang='lat' dir='ltr'><strong>ex</strong></span> <span class='ocrx_word' id='word_1_208' title='bbox 1716 3849 1947 3924; x_wconf 83' lang='lat' dir='ltr'><strong>litteris</strong></span> <span class='ocrx_word' id='word_1_209' title='bbox 1992 3866 2122 3924; x_wconf 83' lang='lat' dir='ltr'><strong>tuis</strong></span> <span class='ocrx_word' id='word_1_210' title='bbox 2167 3869 2421 3943; x_wconf 74' lang='lat' dir='ltr'><strong>eoqnovi</strong></span> <span class='ocrx_word' id='word_1_211' title='bbox 2466 3886 2615 3926; x_wconf 78' lang='lat' dir='ltr'><strong>ven-</strong></span> 
     </span>
     <span class='ocr_line' id='line_1_30' title="bbox 660 3973 2612 4045; baseline -0.002 0"><span class='ocrx_word' id='word_1_212' title='bbox 660 3982 862 4045; x_wconf 84' lang='lat' dir='ltr'><strong>ditari</strong></span> <span class='ocrx_word' id='word_1_213' title='bbox 929 3981 1159 4044; x_wconf 89' lang='lat' dir='ltr'><strong>libellos</strong></span> <span class='ocrx_word' id='word_1_214' title='bbox 1227 4000 1412 4041; x_wconf 82' lang='lat' dir='ltr'><strong>meos.</strong></span> <span class='ocrx_word' id='word_1_215' title='bbox 1481 4014 1560 4022; x_wconf 90' lang='lat'>—</span> <span class='ocrx_word' id='word_1_216' title='bbox 1624 3973 1802 4039; x_wconf 88' lang='lat' dir='ltr'><strong>Inter</strong></span> <span class='ocrx_word' id='word_1_217' title='bbox 1868 3979 2189 4039; x_wconf 80' lang='lat' dir='ltr'><strong>venditari</strong></span> <span class='ocrx_word' id='word_1_218' title='bbox 2255 3980 2320 4038; x_wconf 95' lang='lat' dir='ltr'><strong>et</strong></span> <span class='ocrx_word' id='word_1_219' title='bbox 2384 3980 2612 4041; x_wconf 90' lang='lat' dir='ltr'><strong>libellos</strong></span> 
     </span>
     <span class='ocr_line' id='line_1_31' title="bbox 662 4092 2004 4164; baseline -0.005 -2"><span class='ocrx_word' id='word_1_220' title='bbox 662 4104 747 4163; x_wconf 90' lang='lat' dir='ltr'><strong>ibi</strong></span> <span class='ocrx_word' id='word_1_221' title='bbox 794 4100 1192 4164; x_wconf 82' lang='lat' dir='ltr'><strong>intercidisse</strong></span> <span class='ocrx_word' id='word_1_222' title='bbox 1240 4096 1393 4159; x_wconf 82' lang='lat' dir='ltr'><strong>satis</strong></span> <span class='ocrx_word' id='word_1_223' title='bbox 1439 4092 1847 4158; x_wconf 81' lang='lat' dir='ltr'><strong>manifestum</strong></span> <span class='ocrx_word' id='word_1_224' title='bbox 1891 4095 2004 4156; x_wconf 87' lang='grc'><strong>3313.</strong></span> 
     </span>
    </p>

    <p class='ocr_par' dir='ltr' id='par_1_8' title="bbox 662 4214 2615 4410">
     <span class='ocr_line' id='line_1_32' title="bbox 748 4214 2615 4295; baseline -0.003 -14"><span class='ocrx_word' id='word_1_225' title='bbox 748 4217 861 4281; x_wconf 88' lang='grc' dir='ltr'><strong>ΙΧ.</strong></span> <span class='ocrx_word' id='word_1_226' title='bbox 918 4220 1036 4295; x_wconf 87' lang='lat'><strong>13,</strong></span> <span class='ocrx_word' id='word_1_227' title='bbox 1087 4216 1204 4279; x_wconf 86' lang='lat'><strong>30:</strong></span> <span class='ocrx_word' id='word_1_228' title='bbox 1297 4214 1395 4275; x_wconf 86' lang='lat' dir='ltr'><strong>Ad</strong></span> <span class='ocrx_word' id='word_1_229' title='bbox 1440 4216 1593 4274; x_wconf 82' lang='lat' dir='ltr'><strong>haec</strong></span> <span class='ocrx_word' id='word_1_230' title='bbox 1639 4233 1744 4292; x_wconf 74' lang='lat' dir='ltr'><strong>eqo</strong></span> <span class='ocrx_word' id='word_1_231' title='bbox 1794 4216 2031 4287; x_wconf 77' lang='lat' dir='ltr'><strong>‚omnia</strong></span> <span class='ocrx_word' id='word_1_232' title='bbox 2069 4216 2365 4292; x_wconf 82' lang='lat' dir='ltr'><strong>praecepi</strong></span> <span class='ocrx_word' id='word_1_233' title='bbox 2409 4216 2615 4294; x_wconf 81' lang='lat' dir='ltr'><strong>adque</strong></span> 
     </span>
     <span class='ocr_line' id='line_1_33' title="bbox 662 4332 2610 4410; baseline -0.002 -12"><span class='ocrx_word' id='word_1_234' title='bbox 662 4340 881 4398; x_wconf 79' lang='lat' dir='ltr'><strong>animo</strong></span> <span class='ocrx_word' id='word_1_235' title='bbox 929 4351 1175 4397; x_wconf 82' lang='lat' dir='ltr'><strong>mecum</strong></span> <span class='ocrx_word' id='word_1_236' title='bbox 1222 4338 1374 4393; x_wconf 77' lang='lat' dir='ltr'><strong>ante</strong></span> <span class='ocrx_word' id='word_1_237' title='bbox 1412 4332 1663 4410; x_wconf 74' lang='lat' dir='ltr'><strong>pereqi‚</strong></span> <span class='ocrx_word' id='word_1_238' title='bbox 1726 4350 1839 4390; x_wconf 79' lang='lat' dir='ltr'><strong>nee</strong></span> <span class='ocrx_word' id='word_1_239' title='bbox 1885 4348 2130 4405; x_wconf 67' lang='lat' dir='ltr'><strong>meuse,</strong></span> <span class='ocrx_word' id='word_1_240' title='bbox 2192 4334 2247 4391; x_wconf 88' lang='lat' dir='ltr'><strong>si</strong></span> <span class='ocrx_word' id='word_1_241' title='bbox 2292 4334 2385 4391; x_wconf 86' lang='lat' dir='ltr'><strong>ita</strong></span> <span class='ocrx_word' id='word_1_242' title='bbox 2429 4352 2610 4394; x_wconf 83' lang='lat' dir='ltr'><strong>casus</strong></span> 
     </span>
    </p>
   </div>
  </div>
 </body>
</html>
