<?xml version="1.0" encoding="UTF-8"?>
<!DOCTYPE html PUBLIC "-//W3C//DTD XHTML 1.0 Transitional//EN"
    "http://www.w3.org/TR/xhtml1/DTD/xhtml1-transitional.dtd">
<html xmlns="http://www.w3.org/1999/xhtml" xml:lang="en" lang="en">
 <head>
  <title>
</title>
<meta http-equiv="Content-Type" content="text/html;charset=utf-8" />
  <meta name='ocr-system' content='tesseract 3.04.00' />
  <meta name='ocr-capabilities' content='ocr_page ocr_carea ocr_par ocr_line ocrx_word'/>
</head>
<body>
  <div class='ocr_page' id='page_1' title='image "./coniectanealati00corngoog_0025.png"; bbox 0 0 3142 5167; ppageno 0'>
   <div class='ocr_carea' id='block_1_1' title="bbox 1387 537 1425 599">
    <p class='ocr_par' dir='ltr' id='par_1_1' title="bbox 1387 537 1425 599">
     <span class='ocr_line' id='line_1_1' title="bbox 1387 537 1425 599; baseline 0 0"><span class='ocrx_word' id='word_1_1' title='bbox 1387 537 1425 599; x_wconf 88' lang='lat'>5</span> 
     </span>
    </p>
   </div>
   <div class='ocr_carea' id='block_1_2' title="bbox 411 735 2386 1851">
    <p class='ocr_par' dir='ltr' id='par_1_2' title="bbox 411 735 2386 1851">
     <span class='ocr_line' id='line_1_2' title="bbox 428 735 2381 824; baseline 0.002 -25"><span class='ocrx_word' id='word_1_2' title='bbox 428 735 732 800; x_wconf 83' lang='lat' dir='ltr'><strong>rationem</strong></span> <span class='ocrx_word' id='word_1_3' title='bbox 773 735 963 801; x_wconf 82' lang='lat' dir='ltr'><strong>habes</strong></span> <span class='ocrx_word' id='word_1_4' title='bbox 982 783 999 815; x_wconf 91' lang='lat'>‚</span> <span class='ocrx_word' id='word_1_5' title='bbox 1045 738 1155 803; x_wconf 89' lang='lat' dir='ltr'><strong>sed</strong></span> <span class='ocrx_word' id='word_1_6' title='bbox 1197 738 1362 824; x_wconf 90' lang='lat' dir='ltr'><strong>quod</strong></span> <span class='ocrx_word' id='word_1_7' title='bbox 1404 738 1718 804; x_wconf 84' lang='lat' dir='ltr'><strong>translata</strong></span> <span class='ocrx_word' id='word_1_8' title='bbox 1745 737 2213 824; x_wconf 79' lang='lat' dir='ltr'><strong>significatione</strong></span> <span class='ocrx_word' id='word_1_9' title='bbox 2248 757 2381 803; x_wconf 89' lang='lat' dir='ltr'><strong>non</strong></span> 
     </span>
     <span class='ocr_line' id='line_1_3' title="bbox 425 852 2384 942; baseline 0.002 -26"><span class='ocrx_word' id='word_1_10' title='bbox 425 853 551 916; x_wconf 91' lang='lat' dir='ltr'><strong>nisi</strong></span> <span class='ocrx_word' id='word_1_11' title='bbox 594 852 761 937; x_wconf 89' lang='lat' dir='ltr'><strong>apud</strong></span> <span class='ocrx_word' id='word_1_12' title='bbox 805 852 1109 919; x_wconf 85' lang='lat' dir='ltr'><strong>Laevium</strong></span> <span class='ocrx_word' id='word_1_13' title='bbox 1146 856 1493 941; x_wconf 84' lang='lat' dir='ltr'><strong>legebatur,</strong></span> <span class='ocrx_word' id='word_1_14' title='bbox 1539 877 1730 942; x_wconf 88' lang='lat' dir='ltr'><strong>quam</strong></span> <span class='ocrx_word' id='word_1_15' title='bbox 1773 855 1853 920; x_wconf 91' lang='lat' dir='ltr'><strong>ob</strong></span> <span class='ocrx_word' id='word_1_16' title='bbox 1888 877 2025 920; x_wconf 90' lang='lat' dir='ltr'><strong>rem</strong></span> <span class='ocrx_word' id='word_1_17' title='bbox 2068 852 2149 919; x_wconf 85' lang='lat' dir='ltr'><strong>A.</strong></span> <span class='ocrx_word' id='word_1_18' title='bbox 2176 852 2384 920; x_wconf 80' lang='lat' dir='ltr'><strong>Gellio</strong></span> 
     </span>
     <span class='ocr_line' id='line_1_4' title="bbox 422 967 2384 1058; baseline 0.003 -27"><span class='ocrx_word' id='word_1_19' title='bbox 422 968 553 1053; x_wconf 88' lang='lat'>(19,</span> <span class='ocrx_word' id='word_1_20' title='bbox 581 970 640 1047; x_wconf 88' lang='lat'><strong>7,</strong></span> <span class='ocrx_word' id='word_1_21' title='bbox 670 967 778 1054; x_wconf 88' lang='lat'><strong>10)</strong></span> <span class='ocrx_word' id='word_1_22' title='bbox 823 970 1346 1055; x_wconf 71' lang='lat' dir='ltr'><strong>interpretatione</strong></span> <span class='ocrx_word' id='word_1_23' title='bbox 1389 993 1579 1058; x_wconf 81' lang='lat' dir='ltr'><strong>egere</strong></span> <span class='ocrx_word' id='word_1_24' title='bbox 1625 972 1837 1037; x_wconf 84' lang='lat' dir='ltr'><strong>visum</strong></span> <span class='ocrx_word' id='word_1_25' title='bbox 1881 974 1995 1036; x_wconf 91' lang='lat' dir='ltr'><strong>est.</strong></span> <span class='ocrx_word' id='word_1_26' title='bbox 2022 971 2344 1057; x_wconf 83' lang='lat' dir='ltr'><strong>Equidem</strong></span> <span class='ocrx_word' id='word_1_27' title='bbox 2366 1021 2384 1051; x_wconf 90' lang='lat'><em>,</em></span> 
     </span>
     <span class='ocr_line' id='line_1_5' title="bbox 417 1084 2379 1169; baseline 0.002 -21"><span class='ocrx_word' id='word_1_28' title='bbox 417 1084 643 1167; x_wconf 85' lang='lat' dir='ltr'><strong>pau10,</strong></span> <span class='ocrx_word' id='word_1_29' title='bbox 712 1085 932 1165; x_wconf 84' lang='lat' dir='ltr'><strong>fateor,</strong></span> <span class='ocrx_word' id='word_1_30' title='bbox 977 1086 1294 1169; x_wconf 76' lang='lat' dir='ltr'><strong>audaciuS‚</strong></span> <span class='ocrx_word' id='word_1_31' title='bbox 1342 1092 1618 1153; x_wconf 85' lang='lat' dir='ltr'><strong>solidum</strong></span> <span class='ocrx_word' id='word_1_32' title='bbox 1664 1088 2070 1154; x_wconf 87' lang='lat' dir='ltr'><strong>scribendum</strong></span> <span class='ocrx_word' id='word_1_33' title='bbox 2115 1087 2379 1154; x_wconf 76' lang='lat' dir='ltr'><strong>conicio·</strong></span> 
     </span>
     <span class='ocr_line' id='line_1_6' title="bbox 505 1196 2386 1289; baseline 0.004 -28"><span class='ocrx_word' id='word_1_34' title='bbox 505 1196 575 1261; x_wconf 81' lang='lat' dir='ltr'><strong>G.</strong></span> <span class='ocrx_word' id='word_1_35' title='bbox 648 1202 733 1264; x_wconf 84' lang='lat'><strong>33</strong></span> <span class='ocrx_word' id='word_1_36' title='bbox 761 1247 776 1277; x_wconf 88' lang='lat'>‚</span> <span class='ocrx_word' id='word_1_37' title='bbox 844 1202 876 1263; x_wconf 93' lang='lat'>1</span> <span class='ocrx_word' id='word_1_38' title='bbox 906 1221 922 1263; x_wconf 70' lang='grc' dir='ltr'><em>τ</em></span> <span class='ocrx_word' id='word_1_39' title='bbox 967 1211 1226 1284; x_wconf 81' lang='lat' dir='ltr'><strong>propter</strong></span> <span class='ocrx_word' id='word_1_40' title='bbox 1294 1203 1690 1289; x_wconf 88' lang='lat' dir='ltr'><strong>[pecuniam]</strong></span> <span class='ocrx_word' id='word_1_41' title='bbox 1758 1225 2051 1269; x_wconf 73' lang='lat' dir='ltr'><strong>uxorum</strong></span> <span class='ocrx_word' id='word_1_42' title='bbox 2119 1208 2386 1268; x_wconf 85' lang='lat' dir='ltr'><strong>marito·</strong></span> 
     </span>
     <span class='ocr_line' id='line_1_7' title="bbox 413 1321 2384 1401; baseline 0.003 -26"><span class='ocrx_word' id='word_1_43' title='bbox 413 1334 688 1395; x_wconf 82' lang='lat' dir='ltr'><strong>rumque</strong></span> <span class='ocrx_word' id='word_1_44' title='bbox 748 1323 958 1379; x_wconf 84' lang='lat' dir='ltr'><strong>noctes</strong></span> <span class='ocrx_word' id='word_1_45' title='bbox 1023 1326 1317 1400; x_wconf 77' lang='lat' dir='ltr'><strong>strepunt</strong></span> <span class='ocrx_word' id='word_1_46' title='bbox 1361 1322 1580 1382; x_wconf 87' lang='lat' dir='ltr'><strong>litibus</strong></span> <span class='ocrx_word' id='word_1_47' title='bbox 1649 1327 1711 1382; x_wconf 87' lang='lat' dir='ltr'><strong>et</strong></span> <span class='ocrx_word' id='word_1_48' title='bbox 1773 1321 2130 1383; x_wconf 85' lang='lat' dir='ltr'><strong>tribunalia</strong></span> <span class='ocrx_word' id='word_1_49' title='bbox 2174 1323 2384 1401; x_wconf 76' lang='lat' dir='ltr'><strong>maqi-</strong></span> 
     </span>
     <span class='ocr_line' id='line_1_8' title="bbox 413 1440 2386 1519; baseline 0.002 -24"><span class='ocrx_word' id='word_1_50' title='bbox 413 1441 746 1499; x_wconf 82' lang='lat' dir='ltr'><strong>stratuum</strong></span> <span class='ocrx_word' id='word_1_51' title='bbox 806 1440 1047 1516; x_wconf 79' lang='lat' dir='ltr'><strong>premit</strong></span> <span class='ocrx_word' id='word_1_52' title='bbox 1106 1440 1297 1500; x_wconf 86' lang='lat' dir='ltr'><strong>turba</strong></span> <span class='ocrx_word' id='word_1_53' title='bbox 1320 1483 1337 1515; x_wconf 91' lang='lat'>‚</span> <span class='ocrx_word' id='word_1_54' title='bbox 1408 1459 1583 1519; x_wconf 69' lang='lat' dir='ltr'><strong>reyes</strong></span> <span class='ocrx_word' id='word_1_55' title='bbox 1630 1442 1928 1501; x_wconf 85' lang='lat' dir='ltr'><strong>saeviunt</strong></span> <span class='ocrx_word' id='word_1_56' title='bbox 1995 1441 2386 1519; x_wconf 80' lang='lat' dir='ltr'><strong>rapiuntque</strong></span> 
     </span>
     <span class='ocr_line' id='line_1_9' title="bbox 412 1551 2373 1637; baseline 0.001 -25"><span class='ocrx_word' id='word_1_57' title='bbox 412 1557 473 1612; x_wconf 89' lang='lat' dir='ltr'><strong>et</strong></span> <span class='ocrx_word' id='word_1_58' title='bbox 518 1554 807 1613; x_wconf 86' lang='lat' dir='ltr'><strong>civitates</strong></span> <span class='ocrx_word' id='word_1_59' title='bbox 831 1597 846 1612; x_wconf 90' lang='lat'><strong>.</strong></span> <span class='ocrx_word' id='word_1_60' title='bbox 876 1597 890 1612; x_wconf 91' lang='lat'><strong>.</strong></span> <span class='ocrx_word' id='word_1_61' title='bbox 922 1600 936 1614; x_wconf 94' lang='lat'><strong>.</strong></span> <span class='ocrx_word' id='word_1_62' title='bbox 964 1597 980 1613; x_wconf 88' lang='lat'><strong>.</strong></span> <span class='ocrx_word' id='word_1_63' title='bbox 1030 1561 1341 1616; x_wconf 83' lang='lat' dir='ltr'><strong>evertunt.</strong></span> <span class='ocrx_word' id='word_1_64' title='bbox 1376 1589 1460 1602; x_wconf 92' lang='lat'><strong>-—</strong></span> <span class='ocrx_word' id='word_1_65' title='bbox 1484 1551 1746 1637; x_wconf 80' lang='lat' dir='ltr'><strong>Corrige</strong></span> <span class='ocrx_word' id='word_1_66' title='bbox 1791 1556 2173 1635; x_wconf 85' lang='lat' dir='ltr'><strong>rabiuntquc</strong></span> <span class='ocrx_word' id='word_1_67' title='bbox 2233 1551 2373 1620; x_wconf 71' lang='lat' dir='ltr'><strong>noll.</strong></span> 
     </span>
     <span class='ocr_line' id='line_1_10' title="bbox 411 1663 2382 1760; baseline 0.002 -32"><span class='ocrx_word' id='word_1_68' title='bbox 411 1663 532 1749; x_wconf 79' lang='lat' dir='ltr'><strong>Ep.</strong></span> <span class='ocrx_word' id='word_1_69' title='bbox 585 1667 713 1743; x_wconf 86' lang='lat'><strong>92,</strong></span> <span class='ocrx_word' id='word_1_70' title='bbox 765 1668 846 1731; x_wconf 90' lang='grc'><strong>16</strong></span> <span class='ocrx_word' id='word_1_71' title='bbox 868 1687 891 1760; x_wconf 33' lang='lat'><strong>0:</strong></span> <span class='ocrx_word' id='word_1_72' title='bbox 952 1669 1193 1732; x_wconf 76' lang='lat' dir='ltr'><strong>Videbis</strong></span> <span class='ocrx_word' id='word_1_73' title='bbox 1237 1674 1483 1733; x_wconf 88' lang='lat' dir='ltr'><strong>eosdem</strong></span> <span class='ocrx_word' id='word_1_74' title='bbox 1550 1672 1733 1734; x_wconf 88' lang='lat' dir='ltr'><strong>intra</strong></span> <span class='ocrx_word' id='word_1_75' title='bbox 1776 1670 2085 1751; x_wconf 73' lang='lat' dir='ltr'><strong>eaeiquum</strong></span> <span class='ocrx_word' id='word_1_76' title='bbox 2130 1677 2382 1750; x_wconf 81' lang='lat' dir='ltr'><strong>tempus</strong></span> 
     </span>
     <span class='ocr_line' id='line_1_11' title="bbox 411 1784 2177 1851; baseline 0.001 -5"><span class='ocrx_word' id='word_1_77' title='bbox 411 1784 728 1847; x_wconf 73' lang='lat' dir='ltr'><strong>acerrime</strong></span> <span class='ocrx_word' id='word_1_78' title='bbox 770 1784 982 1848; x_wconf 86' lang='lat' dir='ltr'><strong>ridere</strong></span> <span class='ocrx_word' id='word_1_79' title='bbox 1027 1793 1087 1848; x_wconf 87' lang='lat' dir='ltr'><strong>et</strong></span> <span class='ocrx_word' id='word_1_80' title='bbox 1131 1787 1444 1851; x_wconf 79' lang='lat' dir='ltr'><strong>acerrime</strong></span> <span class='ocrx_word' id='word_1_81' title='bbox 1487 1788 1709 1850; x_wconf 87' lang='lat' dir='ltr'><strong>rabere</strong></span> <span class='ocrx_word' id='word_1_82' title='bbox 1755 1785 1797 1849; x_wconf 91' lang='lat' dir='ltr'><strong>i.</strong></span> <span class='ocrx_word' id='word_1_83' title='bbox 1846 1806 1901 1849; x_wconf 90' lang='lat' dir='ltr'><strong>e.</strong></span> <span class='ocrx_word' id='word_1_84' title='bbox 1949 1784 2177 1849; x_wconf 82' lang='lat' dir='ltr'><strong>furere.</strong></span> 
     </span>
    </p>
   </div>
   <div class='ocr_carea' id='block_1_3' title="bbox 1251 1989 1536 1999">
    <p class='ocr_par' dir='ltr' id='par_1_3' title="bbox 1251 1989 1536 1999">
     <span class='ocr_line' id='line_1_12' title="bbox 1251 1989 1536 1999; baseline 0 -2"><span class='ocrx_word' id='word_1_85' title='bbox 1251 1989 1536 1999; x_wconf 66' lang='lat'><strong>—-------</strong></span> 
     </span>
    </p>
   </div>
   <div class='ocr_carea' id='block_1_4' title="bbox 703 2127 2088 2204">
    <p class='ocr_par' dir='ltr' id='par_1_4' title="bbox 703 2127 2088 2204">
     <span class='ocr_line' id='line_1_13' title="bbox 703 2127 2088 2204; baseline -0.003 -13"><span class='ocrx_word' id='word_1_86' title='bbox 703 2130 854 2204; x_wconf 79' lang='grc' dir='ltr'><strong>ΠΙΑΙ..</strong></span> <span class='ocrx_word' id='word_1_87' title='bbox 884 2129 938 2191; x_wconf 79' lang='lat' dir='ltr'><strong>V!</strong></span> <span class='ocrx_word' id='word_1_88' title='bbox 974 2131 1024 2192; x_wconf 85' lang='lat' dir='ltr'><strong>S·</strong></span> <span class='ocrx_word' id='word_1_89' title='bbox 1059 2129 1157 2192; x_wconf 73' lang='lat' dir='ltr'><strong>An</strong></span> <span class='ocrx_word' id='word_1_90' title='bbox 1180 2127 1452 2192; x_wconf 73' lang='grc' dir='ltr'><strong>ΜΑΒΟΙΑΜ</strong></span> <span class='ocrx_word' id='word_1_91' title='bbox 1490 2129 1568 2192; x_wconf 79' lang='grc' dir='ltr'><strong>ΠΕ</strong></span> <span class='ocrx_word' id='word_1_92' title='bbox 1603 2127 2088 2192; x_wconf 70' lang='lat' dir='ltr'><strong>consom‘flout.</strong></span> 
     </span>
    </p>
   </div>
   <div class='ocr_carea' id='block_1_5' title="bbox 413 2352 2386 3365">
    <p class='ocr_par' dir='ltr' id='par_1_5' title="bbox 413 2352 2386 3365">
     <span class='ocr_line' id='line_1_14' title="bbox 502 2352 2380 2435; baseline -0.002 -16"><span class='ocrx_word' id='word_1_93' title='bbox 502 2353 572 2419; x_wconf 83' lang='lat' dir='ltr'><strong>O.</strong></span> <span class='ocrx_word' id='word_1_94' title='bbox 627 2356 686 2432; x_wconf 89' lang='lat'><strong>1,</strong></span> <span class='ocrx_word' id='word_1_95' title='bbox 734 2357 816 2417; x_wconf 85' lang='lat'><strong>2:</strong></span> <span class='ocrx_word' id='word_1_96' title='bbox 862 2364 1133 2419; x_wconf 88' lang='lat' dir='ltr'><strong>mortem</strong></span> <span class='ocrx_word' id='word_1_97' title='bbox 1200 2357 1274 2418; x_wconf 89' lang='lat' dir='ltr'><strong>A.</strong></span> <span class='ocrx_word' id='word_1_98' title='bbox 1329 2355 1642 2419; x_wconf 73' lang='lat' dir='ltr'><strong>Cremutii</strong></span> <span class='ocrx_word' id='word_1_99' title='bbox 1708 2355 1902 2419; x_wconf 83' lang='lat' dir='ltr'><strong>Cordi</strong></span> <span class='ocrx_word' id='word_1_100' title='bbox 1937 2356 2232 2435; x_wconf 77' lang='lat' dir='ltr'><strong>parentis</strong></span> <span class='ocrx_word' id='word_1_101' title='bbox 2278 2352 2380 2415; x_wconf 89' lang='lat' dir='ltr'><strong>tui</strong></span> 
     </span>
     <span class='ocr_line' id='line_1_15' title="bbox 415 2471 2384 2554; baseline 0 -22"><span class='ocrx_word' id='word_1_102' title='bbox 415 2478 732 2550; x_wconf 86' lang='lat' dir='ltr'><strong>quantum</strong></span> <span class='ocrx_word' id='word_1_103' title='bbox 769 2479 1046 2552; x_wconf 81' lang='lat' dir='ltr'><strong>poteras,</strong></span> <span class='ocrx_word' id='word_1_104' title='bbox 1093 2472 1475 2535; x_wconf 79' lang='lat' dir='ltr'><strong>inhibuisti:</strong></span> <span class='ocrx_word' id='word_1_105' title='bbox 1516 2480 1859 2554; x_wconf 81' lang='lat' dir='ltr'><strong>postquam</strong></span> <span class='ocrx_word' id='word_1_106' title='bbox 1908 2472 2024 2536; x_wconf 88' lang='lat' dir='ltr'><strong>tibi</strong></span> <span class='ocrx_word' id='word_1_107' title='bbox 2069 2471 2384 2554; x_wconf 78' lang='lat' dir='ltr'><strong>adparuit</strong></span> 
     </span>
     <span class='ocr_line' id='line_1_16' title="bbox 418 2584 2386 2667; baseline -0.001 -20"><span class='ocrx_word' id='word_1_108' title='bbox 418 2584 587 2648; x_wconf 89' lang='lat' dir='ltr'><strong>inter</strong></span> <span class='ocrx_word' id='word_1_109' title='bbox 655 2584 1030 2649; x_wconf 78' lang='lat' dir='ltr'><strong>Seianianos</strong></span> <span class='ocrx_word' id='word_1_110' title='bbox 1075 2586 1376 2650; x_wconf 79' lang='lat' dir='ltr'><strong>satellites</strong></span> <span class='ocrx_word' id='word_1_111' title='bbox 1437 2586 1622 2649; x_wconf 85' lang='lat' dir='ltr'><strong>illam</strong></span> <span class='ocrx_word' id='word_1_112' title='bbox 1666 2607 1872 2649; x_wconf 83' lang='lat' dir='ltr'><strong>unam</strong></span> <span class='ocrx_word' id='word_1_113' title='bbox 1913 2594 2140 2667; x_wconf 78' lang='lat' dir='ltr'><strong>patere</strong></span> <span class='ocrx_word' id='word_1_114' title='bbox 2190 2585 2386 2648; x_wconf 85' lang='lat' dir='ltr'><strong>servi-</strong></span> 
     </span>
     <span class='ocr_line' id='line_1_17' title="bbox 420 2702 2384 2784; baseline 0.002 -22"><span class='ocrx_word' id='word_1_115' title='bbox 420 2705 572 2763; x_wconf 84' lang='lat' dir='ltr'><strong>tutis</strong></span> <span class='ocrx_word' id='word_1_116' title='bbox 634 2706 905 2783; x_wconf 57' lang='lat' dir='ltr'><strong>simam,</strong></span> <span class='ocrx_word' id='word_1_117' title='bbox 973 2723 1104 2765; x_wconf 92' lang='lat' dir='ltr'><strong>non</strong></span> <span class='ocrx_word' id='word_1_118' title='bbox 1148 2704 1374 2784; x_wconf 79' lang='lat' dir='ltr'><strong>favisti</strong></span> <span class='ocrx_word' id='word_1_119' title='bbox 1439 2704 1699 2767; x_wconf 81' lang='lat' dir='ltr'><strong>consilio</strong></span> <span class='ocrx_word' id='word_1_120' title='bbox 1746 2705 1927 2781; x_wconf 88' lang='lat' dir='ltr'><strong>eius,</strong></span> <span class='ocrx_word' id='word_1_121' title='bbox 1999 2707 2108 2769; x_wconf 86' lang='lat' dir='ltr'><strong>sed</strong></span> <span class='ocrx_word' id='word_1_122' title='bbox 2151 2702 2384 2767; x_wconf 84' lang='lat' dir='ltr'><strong>dedisti</strong></span> 
     </span>
     <span class='ocr_line' id='line_1_18' title="bbox 426 2819 2383 2900; baseline 0.001 -22"><span class='ocrx_word' id='word_1_123' title='bbox 426 2837 651 2881; x_wconf 85' lang='lat' dir='ltr'><strong>manus</strong></span> <span class='ocrx_word' id='word_1_124' title='bbox 718 2819 886 2881; x_wconf 85' lang='lat' dir='ltr'><strong>victa</strong></span> <span class='ocrx_word' id='word_1_125' title='bbox 936 2819 1288 2899; x_wconf 78' lang='lat' dir='ltr'><strong>fudistique</strong></span> <span class='ocrx_word' id='word_1_126' title='bbox 1332 2822 1656 2881; x_wconf 84' lang='lat' dir='ltr'><strong>lacrimas.</strong></span> <span class='ocrx_word' id='word_1_127' title='bbox 1706 2821 1934 2900; x_wconf 80' lang='lat' dir='ltr'><strong>palam</strong></span> <span class='ocrx_word' id='word_1_128' title='bbox 2003 2828 2064 2883; x_wconf 89' lang='lat' dir='ltr'><strong>et</strong></span> <span class='ocrx_word' id='word_1_129' title='bbox 2107 2819 2383 2900; x_wconf 73' lang='lat' dir='ltr'><strong>qemitus</strong></span> 
     </span>
     <span class='ocr_line' id='line_1_19' title="bbox 427 2930 2383 3015; baseline -0.001 -22"><span class='ocrx_word' id='word_1_130' title='bbox 427 2933 732 2997; x_wconf 85' lang='lat' dir='ltr'><strong>devorasti</strong></span> <span class='ocrx_word' id='word_1_131' title='bbox 776 2934 1031 3015; x_wconf 90' lang='lat' dir='ltr'><strong>quidem</strong></span> <span class='ocrx_word' id='word_1_132' title='bbox 1057 2979 1073 3010; x_wconf 88' lang='lat'>‚</span> <span class='ocrx_word' id='word_1_133' title='bbox 1117 2955 1251 2996; x_wconf 92' lang='lat' dir='ltr'><strong>non</strong></span> <span class='ocrx_word' id='word_1_134' title='bbox 1295 2941 1516 2996; x_wconf 88' lang='lat' dir='ltr'><strong>tamen</strong></span> <span class='ocrx_word' id='word_1_135' title='bbox 1561 2933 1765 2996; x_wconf 88' lang='lat' dir='ltr'><strong>hilari</strong></span> <span class='ocrx_word' id='word_1_136' title='bbox 1810 2937 2026 3013; x_wconf 85' lang='lat' dir='ltr'><strong>fronte</strong></span> <span class='ocrx_word' id='word_1_137' title='bbox 2072 2930 2292 2996; x_wconf 73' lang='lat' dir='ltr'><strong>texisti</strong></span> <span class='ocrx_word' id='word_1_138' title='bbox 2322 2938 2383 2993; x_wconf 90' lang='lat' dir='ltr'><strong>et</strong></span> 
     </span>
     <span class='ocr_line' id='line_1_20' title="bbox 425 3046 2383 3131; baseline -0.002 -20"><span class='ocrx_word' id='word_1_139' title='bbox 425 3051 533 3113; x_wconf 81' lang='lat' dir='ltr'><strong>hoc</strong></span> <span class='ocrx_word' id='word_1_140' title='bbox 586 3051 689 3113; x_wconf 87' lang='lat' dir='ltr'><strong>illo</strong></span> <span class='ocrx_word' id='word_1_141' title='bbox 733 3053 978 3128; x_wconf 80' lang='lat' dir='ltr'><strong>seculo,</strong></span> <span class='ocrx_word' id='word_1_142' title='bbox 1049 3071 1166 3131; x_wconf 91' lang='lat' dir='ltr'><strong>quo</strong></span> <span class='ocrx_word' id='word_1_143' title='bbox 1214 3070 1452 3130; x_wconf 72' lang='lat' dir='ltr'><strong>maqna</strong></span> <span class='ocrx_word' id='word_1_144' title='bbox 1505 3048 1715 3130; x_wconf 81' lang='lat' dir='ltr'><strong>pietas</strong></span> <span class='ocrx_word' id='word_1_145' title='bbox 1760 3056 1901 3111; x_wconf 88' lang='lat' dir='ltr'><strong>erat</strong></span> <span class='ocrx_word' id='word_1_146' title='bbox 1968 3047 2139 3111; x_wconf 80' lang='lat' dir='ltr'><strong>nihil</strong></span> <span class='ocrx_word' id='word_1_147' title='bbox 2180 3046 2383 3126; x_wconf 77' lang='lat' dir='ltr'><strong>impie</strong></span> 
     </span>
     <span class='ocr_line' id='line_1_21' title="bbox 418 3159 2378 3247; baseline -0.004 -17"><span class='ocrx_word' id='word_1_148' title='bbox 418 3170 642 3245; x_wconf 78' lang='lat' dir='ltr'><strong>facere.</strong></span> <span class='ocrx_word' id='word_1_149' title='bbox 689 3205 778 3215; x_wconf 92' lang='lat'>—</span> <span class='ocrx_word' id='word_1_150' title='bbox 824 3163 1172 3234; x_wconf 85' lang='lat' dir='ltr'><strong>Offendunt</strong></span> <span class='ocrx_word' id='word_1_151' title='bbox 1233 3186 1333 3229; x_wconf 79' lang='lat' dir='ltr'><strong>vv.</strong></span> <span class='ocrx_word' id='word_1_152' title='bbox 1364 3169 1591 3247; x_wconf 81' lang='lat' dir='ltr'><strong>palam</strong></span> <span class='ocrx_word' id='word_1_153' title='bbox 1636 3173 1696 3228; x_wconf 88' lang='lat' dir='ltr'><strong>et</strong></span> <span class='ocrx_word' id='word_1_154' title='bbox 1725 3163 2014 3246; x_wconf 73' lang='lat' dir='ltr'><strong>&#39;qemitus</strong></span> <span class='ocrx_word' id='word_1_155' title='bbox 2059 3159 2378 3226; x_wconf 83' lang='lat' dir='ltr'><strong>devorasti</strong></span> 
     </span>
     <span class='ocr_line' id='line_1_22' title="bbox 413 3275 2376 3365; baseline -0.004 -18"><span class='ocrx_word' id='word_1_156' title='bbox 413 3283 668 3364; x_wconf 86' lang='lat' dir='ltr'><strong>quidem</strong></span> <span class='ocrx_word' id='word_1_157' title='bbox 692 3329 709 3358; x_wconf 89' lang='lat'>‚</span> <span class='ocrx_word' id='word_1_158' title='bbox 798 3303 948 3364; x_wconf 88' lang='lat' dir='ltr'><strong>nam</strong></span> <span class='ocrx_word' id='word_1_159' title='bbox 1013 3302 1144 3346; x_wconf 96' lang='lat' dir='ltr'><strong>non</strong></span> <span class='ocrx_word' id='word_1_160' title='bbox 1218 3283 1396 3365; x_wconf 87' lang='lat' dir='ltr'><strong>potes</strong></span> <span class='ocrx_word' id='word_1_161' title='bbox 1464 3301 1595 3345; x_wconf 95' lang='lat' dir='ltr'><strong>non</strong></span> <span class='ocrx_word' id='word_1_162' title='bbox 1660 3300 1927 3365; x_wconf 85' lang='lat' dir='ltr'><strong>rogare:</strong></span> <span class='ocrx_word' id='word_1_163' title='bbox 1997 3275 2152 3363; x_wconf 90' lang='lat' dir='ltr'><strong>quid</strong></span> <span class='ocrx_word' id='word_1_164' title='bbox 2225 3281 2376 3361; x_wconf 76' lang='lat' dir='ltr'><strong>ergo</strong></span> 
     </span>
    </p>
   </div>
   <div class='ocr_carea' id='block_1_6' title="bbox 282 3391 2432 3492">
    <p class='ocr_par' dir='ltr' id='par_1_6' title="bbox 282 3391 2432 3492">
     <span class='ocr_line' id='line_1_23' title="bbox 282 3391 2432 3492; baseline -0.004 -30"><span class='ocrx_word' id='word_1_165' title='bbox 282 3435 289 3442; x_wconf 88' lang='lat'><strong>·</strong></span> <span class='ocrx_word' id='word_1_166' title='bbox 410 3393 656 3461; x_wconf 89' lang='lat' dir='ltr'><strong>Marcia</strong></span> <span class='ocrx_word' id='word_1_167' title='bbox 699 3395 1023 3492; x_wconf 68' lang='lat' dir='ltr'><strong>devoravit</strong></span> <span class='ocrx_word' id='word_1_168' title='bbox 1043 3442 1059 3473; x_wconf 89' lang='lat'>‚</span> <span class='ocrx_word' id='word_1_169' title='bbox 1133 3396 1176 3459; x_wconf 91' lang='lat' dir='ltr'><strong>i.</strong></span> <span class='ocrx_word' id='word_1_170' title='bbox 1225 3417 1278 3459; x_wconf 89' lang='lat' dir='ltr'><strong>e.</strong></span> <span class='ocrx_word' id='word_1_171' title='bbox 1327 3395 1659 3461; x_wconf 81' lang='lat' dir='ltr'><strong>abscondit</strong></span> <span class='ocrx_word' id='word_1_172' title='bbox 1703 3398 1769 3459; x_wconf 92' lang='lat' dir='ltr'><strong>et</strong></span> <span class='ocrx_word' id='word_1_173' title='bbox 1835 3393 2007 3458; x_wconf 87' lang='lat' dir='ltr'><strong>intra</strong></span> <span class='ocrx_word' id='word_1_174' title='bbox 2050 3414 2117 3456; x_wconf 88' lang='lat' dir='ltr'><strong>se</strong></span> <span class='ocrx_word' id='word_1_175' title='bbox 2174 3391 2378 3457; x_wconf 86' lang='lat' dir='ltr'><strong>conti·</strong></span> <span class='ocrx_word' id='word_1_176' title='bbox 2407 3429 2432 3454; x_wconf 77' lang='grc'><strong>.</strong></span> 
     </span>
    </p>
   </div>
   <div class='ocr_carea' id='block_1_7' title="bbox 408 3510 2379 3599">
    <p class='ocr_par' dir='ltr' id='par_1_7' title="bbox 408 3510 2379 3599">
     <span class='ocr_line' id='line_1_24' title="bbox 408 3510 2379 3599; baseline -0.003 -20"><span class='ocrx_word' id='word_1_177' title='bbox 408 3514 556 3579; x_wconf 91' lang='lat' dir='ltr'><strong>nuit</strong></span> <span class='ocrx_word' id='word_1_178' title='bbox 580 3562 596 3592; x_wconf 88' lang='lat'>‚</span> <span class='ocrx_word' id='word_1_179' title='bbox 643 3516 891 3598; x_wconf 86' lang='lat' dir='ltr'><strong>praeter</strong></span> <span class='ocrx_word' id='word_1_180' title='bbox 934 3514 1212 3599; x_wconf 82' lang='lat' dir='ltr'><strong>gemitus</strong></span> <span class='ocrx_word' id='word_1_181' title='bbox 1233 3514 1264 3576; x_wconf 76' lang='lat'><strong>⁴?</strong></span> <span class='ocrx_word' id='word_1_182' title='bbox 1309 3512 1400 3576; x_wconf 86' lang='lat' dir='ltr'><strong>Et</strong></span> <span class='ocrx_word' id='word_1_183' title='bbox 1442 3534 1835 3597; x_wconf 90' lang='lat' dir='ltr'><strong>responsum,</strong></span> <span class='ocrx_word' id='word_1_184' title='bbox 1882 3510 2066 3576; x_wconf 86' lang='lat' dir='ltr'><strong>oredo</strong></span> <span class='ocrx_word' id='word_1_185' title='bbox 2079 3557 2095 3588; x_wconf 89' lang='lat'>‚</span> <span class='ocrx_word' id='word_1_186' title='bbox 2141 3510 2379 3575; x_wconf 66' lang='lat' dir='ltr'><strong>fi‘ustra</strong></span> 
     </span>
    </p>
   </div>
   <div class='ocr_carea' id='block_1_8' title="bbox 400 3617 2407 4412">
    <p class='ocr_par' dir='ltr' id='par_1_8' title="bbox 400 3617 2407 4412">
     <span class='ocr_line' id='line_1_25' title="bbox 407 3617 2378 3715; baseline -0.001 -22"><span class='ocrx_word' id='word_1_187' title='bbox 407 3629 678 3715; x_wconf 90' lang='lat' dir='ltr'><strong>quaeris.</strong></span> <span class='ocrx_word' id='word_1_188' title='bbox 749 3627 960 3695; x_wconf 87' lang='lat' dir='ltr'><strong>Possis</strong></span> <span class='ocrx_word' id='word_1_189' title='bbox 1021 3630 1306 3695; x_wconf 84' lang='lat' dir='ltr'><strong>conicere</strong></span> <span class='ocrx_word' id='word_1_190' title='bbox 1352 3628 1754 3694; x_wconf 89' lang='lat' dir='ltr'><strong>scribendum</strong></span> <span class='ocrx_word' id='word_1_191' title='bbox 1821 3617 1957 3698; x_wconf 67' lang='lat' dir='ltr'><strong>esse</strong></span> <span class='ocrx_word' id='word_1_192' title='bbox 2025 3628 2378 3710; x_wconf 83' lang='lat' dir='ltr'><strong>fudistique</strong></span> 
     </span>
     <span class='ocr_line' id='line_1_26' title="bbox 405 3739 2378 3842; baseline -0.002 -37"><span class='ocrx_word' id='word_1_193' title='bbox 405 3743 712 3807; x_wconf 82' lang='lat' dir='ltr'><strong>lacrimas</strong></span> <span class='ocrx_word' id='word_1_194' title='bbox 771 3747 1015 3826; x_wconf 79' lang='lat' dir='ltr'><strong>palam.</strong></span> <span class='ocrx_word' id='word_1_195' title='bbox 1085 3752 1146 3808; x_wconf 90' lang='lat' dir='ltr'><strong>et</strong></span> <span class='ocrx_word' id='word_1_196' title='bbox 1220 3741 1493 3827; x_wconf 79' lang='lat' dir='ltr'><strong>qemitus</strong></span> <span class='ocrx_word' id='word_1_197' title='bbox 1562 3751 1727 3821; x_wconf 62' lang='lat' dir='ltr'><strong>cett„</strong></span> <span class='ocrx_word' id='word_1_198' title='bbox 1773 3743 1842 3805; x_wconf 91' lang='lat' dir='ltr'><strong>at</strong></span> <span class='ocrx_word' id='word_1_199' title='bbox 1907 3739 2102 3842; x_wconf 66' lang='lat' dir='ltr'><strong>talem</strong></span> <span class='ocrx_word' id='word_1_200' title='bbox 2167 3739 2378 3808; x_wconf 80' lang='lat' dir='ltr'><strong>luctus</strong></span> 
     </span>
     <span class='ocr_line' id='line_1_27' title="bbox 403 3827 2407 3944; baseline -0.002 -20"><span class='ocrx_word' id='word_1_201' title='bbox 403 3860 901 3925; x_wconf 82' lang='lat' dir='ltr'><strong>ostentationem</strong></span> <span class='ocrx_word' id='word_1_202' title='bbox 943 3859 1220 3925; x_wconf 85' lang='lat' dir='ltr'><strong>Marciae</strong></span> <span class='ocrx_word' id='word_1_203' title='bbox 1266 3860 1582 3944; x_wconf 86' lang='lat' dir='ltr'><strong>imputare</strong></span> <span class='ocrx_word' id='word_1_204' title='bbox 1625 3827 1860 3935; x_wconf 57' lang='lat' dir='ltr'><strong>nosim&#39;„</strong></span> <span class='ocrx_word' id='word_1_205' title='bbox 1897 3877 2042 3922; x_wconf 87' lang='lat' dir='ltr'><strong>oum</strong></span> <span class='ocrx_word' id='word_1_206' title='bbox 2084 3877 2370 3941; x_wconf 87' lang='lat' dir='ltr'><strong>praeser-</strong></span> <span class='ocrx_word' id='word_1_207' title='bbox 2400 3881 2407 3887; x_wconf 88' lang='lat'><strong>·</strong></span> 
     </span>
     <span class='ocr_line' id='line_1_28' title="bbox 404 3971 2372 4061; baseline -0.001 -23"><span class='ocrx_word' id='word_1_208' title='bbox 404 3975 530 4039; x_wconf 92' lang='lat' dir='ltr'><strong>tim</strong></span> <span class='ocrx_word' id='word_1_209' title='bbox 596 3976 874 4061; x_wconf 85' lang='lat' dir='ltr'><strong>gemitus</strong></span> <span class='ocrx_word' id='word_1_210' title='bbox 917 3975 1329 4041; x_wconf 84' lang='lat' dir='ltr'><strong>devoraverit.</strong></span> <span class='ocrx_word' id='word_1_211' title='bbox 1423 3973 1644 4039; x_wconf 88' lang='lat' dir='ltr'><strong>Potius</strong></span> <span class='ocrx_word' id='word_1_212' title='bbox 1706 3971 2084 4039; x_wconf 86' lang='lat' dir='ltr'><strong>crediderim</strong></span> <span class='ocrx_word' id='word_1_213' title='bbox 2143 3977 2372 4055; x_wconf 78' lang='lat' dir='ltr'><strong>palam</strong></span> 
     </span>
     <span class='ocr_line' id='line_1_29' title="bbox 405 4089 2369 4177; baseline -0.002 -20"><span class='ocrx_word' id='word_1_214' title='bbox 405 4094 690 4177; x_wconf 89' lang='lat' dir='ltr'><strong>spuriam</strong></span> <span class='ocrx_word' id='word_1_215' title='bbox 765 4114 985 4159; x_wconf 78' lang='lat' dir='ltr'><strong>vocem</strong></span> <span class='ocrx_word' id='word_1_216' title='bbox 1052 4114 1231 4171; x_wconf 88' lang='lat' dir='ltr'><strong>esse,</strong></span> <span class='ocrx_word' id='word_1_217' title='bbox 1300 4089 1605 4158; x_wconf 80' lang='lat' dir='ltr'><strong>Senecam</strong></span> <span class='ocrx_word' id='word_1_218' title='bbox 1647 4115 1716 4158; x_wconf 90' lang='lat' dir='ltr'><strong>re</strong></span> <span class='ocrx_word' id='word_1_219' title='bbox 1786 4114 1938 4158; x_wconf 84' lang='lat' dir='ltr'><strong>vera</strong></span> <span class='ocrx_word' id='word_1_220' title='bbox 1998 4090 2369 4175; x_wconf 83' lang='lat' dir='ltr'><strong>scripsisse:</strong></span> 
     </span>
     <span class='ocr_line' id='line_1_30' title="bbox 400 4207 2365 4294; baseline -0.001 -20"><span class='ocrx_word' id='word_1_221' title='bbox 400 4212 701 4291; x_wconf 80' lang='lat' dir='ltr'><strong>planctus</strong></span> <span class='ocrx_word' id='word_1_222' title='bbox 746 4219 808 4274; x_wconf 90' lang='lat' dir='ltr'><strong>et</strong></span> <span class='ocrx_word' id='word_1_223' title='bbox 853 4210 1127 4292; x_wconf 74' lang='lat' dir='ltr'><strong>qemitus</strong></span> <span class='ocrx_word' id='word_1_224' title='bbox 1173 4211 1492 4275; x_wconf 84' lang='lat' dir='ltr'><strong>devorasti</strong></span> <span class='ocrx_word' id='word_1_225' title='bbox 1535 4211 1811 4294; x_wconf 86' lang='lat' dir='ltr'><strong>quidem.</strong></span> <span class='ocrx_word' id='word_1_226' title='bbox 1861 4207 2022 4274; x_wconf 80' lang='lat' dir='ltr'><strong>Cum</strong></span> <span class='ocrx_word' id='word_1_227' title='bbox 2046 4208 2332 4292; x_wconf 86' lang='lat' dir='ltr'><strong>parentis</strong></span> <span class='ocrx_word' id='word_1_228' title='bbox 2349 4256 2365 4288; x_wconf 88' lang='lat'><strong>,</strong></span> 
     </span>
     <span class='ocr_line' id='line_1_31' title="bbox 406 4325 2360 4412; baseline 0.001 -23"><span class='ocrx_word' id='word_1_229' title='bbox 406 4325 521 4404; x_wconf 22' lang='lat' dir='ltr'><strong>ita*</strong></span> <span class='ocrx_word' id='word_1_230' title='bbox 545 4326 788 4407; x_wconf 83' lang='lat' dir='ltr'><strong>scribit,</strong></span> <span class='ocrx_word' id='word_1_231' title='bbox 834 4326 1169 4393; x_wconf 84' lang='lat' dir='ltr'><strong>consilium</strong></span> <span class='ocrx_word' id='word_1_232' title='bbox 1211 4328 1458 4393; x_wconf 84' lang='lat' dir='ltr'><strong>mutare</strong></span> <span class='ocrx_word' id='word_1_233' title='bbox 1502 4349 1633 4394; x_wconf 91' lang='lat' dir='ltr'><strong>non</strong></span> <span class='ocrx_word' id='word_1_234' title='bbox 1661 4328 1990 4412; x_wconf 76' lang='lat' dir='ltr'><strong>potuisses,</strong></span> <span class='ocrx_word' id='word_1_235' title='bbox 2026 4326 2360 4393; x_wconf 88' lang='lat' dir='ltr'><strong>summisso</strong></span> 
     </span>
    </p>
   </div>
  </div>
 </body>
</html>
