3142 5167
1429 528 1507 588 61

482 734 659 794 ribus
703 734 955 805 adiuvit
997 734 1212 796 dicens
1231 776 1246 807 ‚
1301 739 1362 793 et
1406 734 1588 810 fures
1633 752 1676 794 a
1719 753 1789 794 re
1828 733 2085 814 publica
2123 732 2450 812 pellendos

483 870 557 912 ac
618 852 1077 929 pauperandos·
1145 857 1206 911 et
1273 852 1548 929 inteqros
1616 871 1747 912 esse
1813 843 2213 925 redimendos
2259 856 2450 934 atque

481 967 797 1026 ditandos,
874 998 961 1010 -
1028 959 1361 1026 Sententia
1428 966 1645 1046 aperte
1695 965 1787 1027 ‘ut
1860 985 1975 1047 pro
2044 966 2447 1027 redimendos

479 1085 842 1145 retinendos
885 1080 1137 1165 legatur
1180 1081 1471 1164 requirit.

567 1197 637 1262 O.
701 1200 821 1276 45,
871 1202 911 1262 3
934 1247 948 1276 ‚
1011 1202 1342 1283 postquam
1387 1199 1673 1263 narravit
1719 1199 1991 1282 scriptor
2035 1195 2263 1262 Severo
2307 1218 2447 1262 eam

476 1314 1000 1378 consuetudinem
1042 1314 1274 1392 fuisse,
1323 1315 1397 1377 ut
1442 1314 1659 1378 omnia
1686 1313 1917 1377 bellica
1941 1313 2206 1377 consilia
2228 1361 2243 1392 ‚
2291 1334 2445 1397 quo-

476 1430 599 1493 ties
652 1430 1119 1514 expeditionem
1166 1431 1515 1514 susciperet
1532 1477 1547 1508 ‚
1620 1452 1765 1494 cum
1810 1429 2124 1494 militibus
2172 1450 2447 1494 commu-

478 1546 725 1610 nicaret
744 1593 758 1622 ,
791 1551 795 1554 ’
826 1546 919 1608 ita
965 1546 1209 1630 pergit:
1257 1557 1317 1610 et
1363 1551 1432 1610 id
1478 1551 1736 1631 quidem
1781 1568 1849 1610 eo
1895 1570 2091 1633 usque
2136 1551 2450 1631 quamdiu

479 1664 564 1722 ad
633 1664 791 1741 fines
835 1664 1189 1724 barbaricos
1235 1668 1580 1727 veniretur.
1677 1667 1820 1726 Iam
1864 1670 2039 1727 enim
2084 1668 2235 1727 inde
2281 1672 2447 1727 tace-
2569 1713 2572 1716 >

478 1779 669 1839 batur
684 1826 699 1852 ,
767 1786 828 1840 et
887 1799 1103 1840 omnes
1149 1781 1598 1857 ambulabant,
1666 1803 1748 1842 nc
1793 1785 2274 1863 dispositionem
2320 1783 2446 1844 Ro-

479 1914 749 1956 manam
809 1897 1065 1957 barbari
1110 1897 1360 1958 scirent.
1412 1932 1493 1943 ——
1542 1894 1805 1959 Peterus
1824 1944 1840 1974 ‚
1909 1917 2105 1980 quum
2154 1899 2444 1961 ambula-

479 2010 631 2070 bant
699 2007 823 2071 sibi
891 2012 1254 2092 suspectum
1321 2031 1455 2073 esse
1502 2011 1835 2094 profitetur
1852 2058 1866 2087 ,
1937 2010 2127 2073 simul
2172 2011 2441 2075 annotat

478 2124 740 2189 verbum
808 2098 1153 2189 desiderari
1222 2126 1326 2190 cui
1394 2126 1733 2210 ignorandi
1798 2126 1975 2190 notio
2023 2127 2198 2191 insit.
2292 2123 2443 2191 Non

478 2242 800 2308 dissentio.
894 2243 1061 2319 Quid
1105 2248 1318 2308 autem
1364 2245 1573 2309 obstat
1591 2293 1606 2319 ,
1655 2246 1991 2329 quominus
2029 2248 2444 2309 ambulabant

476 2383 553 2425 ex
599 2367 998 2445 ambiqebant
1044 2364 1083 2426 i.
1135 2386 1188 2428 e.
1239 2364 1584 2429 haerebant
1600 2412 1615 2443 ‚
1681 2365 1911 2429 incerti
1957 2366 2141 2428 erant
2158 2412 2173 2443 ,
2221 2364 2441 2449 depra-

476 2482 693 2544 vatum
739 2502 874 2545 esse
921 2481 1251 2546 credamur
1268 2483 1299 2545 Ῥ

1313 2718 1602 2726 ——-—-—-—-

962 2876 1087 2938 lum
1126 2855 1466 2940 ὃΑΡΙΤΟΗΝΙ
1505 2876 1773 2941 ΜΑΧΙΜΙΝΙ
1813 2878 1956 2940 Duo.

568 3056 634 3121 G.
688 3061 761 3136 2,
815 3060 881 3122 1:
944 3062 1025 3122 Et
1070 3065 1141 3124 in
1181 3066 1404 3143 ‘prima
1434 3066 1695 3147 quidem
1721 3067 2012 3144 pueritia
2043 3066 2178 3142 fuit
2199 3070 2440 3144 pastor,

477 3186 966 3261 nonnumquam
1013 3183 1210 3241 etiam
1249 3189 1538 3260 procerte
1553 3226 1568 3257 ,
1617 3184 1727 3264 qui
1774 3183 2127 3243 latronibus
2174 3184 2447 3243 insidia-

478 3300 658 3354 retur
725 3301 785 3355 et
853 3315 995 3355 suos
1065 3298 1141 3357 ab
1207 3298 1679 3357 incursionibus
1725 3297 2098 3358 vindicaret.
2147 3331 2236 3344 —-
2281 3293 2447 3359 Loco

476 3410 703 3473 misere
750 3414 1043 3495 corrupto
1089 3414 1153 3475 et
1199 3412 1542 3497 depravato
1588 3413 1981 3478 medecinam
2016 3414 2227 3477 afferri
2257 3435 2439 3497 posse

475 3528 769 3592 existimo
788 3576 803 3607 ,
852 3529 909 3592 si
953 3530 1023 3592 in
1070 3535 1268 3593 etiam
1308 3540 1597 3612 procerte
1643 3527 1842 3597 latere
1888 3554 2194 3618 ponamus
2241 3537 2437 3595 etiam

474 3650 546 3708 in
608 3652 959 3729 procinctu.
1056 3647 1320 3713 Etenim
1387 3650 1478 3736 sie
1551 3672 1686 3714 rem
1733 3652 2038 3737 intellego
2054 3700 2069 3729 ‚
2141 3650 2441 3720 Maximi-

474 3782 627 3824 num
647 3810 661 3839 ,
709 3784 906 3846 quum
950 3784 1107 3846 puer
1136 3785 1365 3849 greges
1389 3770 1675 3848 pasceret
1690 3815 1708 3845 ,
1758 3766 2079 3831 interdum
2108 3776 2439 3832 armatam

475 3883 665 3976 eqifse
709 3884 941 3954 vitam,
989 3883 1061 3943 ut
1107 3883 1204 3944 est
1250 3881 1320 3944 in
1366 3880 1543 3945 Vita·
1568 3879 1824 3946 Proculi
1875 3886 1955 3945 12
1976 3930 1991 3961 ,
2041 3884 2100 3947 5.
2174 3881 2439 3948 Locutio

475 3994 546 4052 in
621 4000 956 4074 procinctu
1023 4017 1151 4058 esse
1219 3995 1385 4078 apud
1455 3992 1682 4080 Script.
1758 3994 1928 4060 Hist.
2001 3994 2169 4081 Aug.
2242 3997 2435 4061 semel

474 4109 660 4191 atque
730 4110 964 4174 iterum
1031 4111 1393 4188 invenitur3
1465 4113 1543 4176 cf.
1617 4111 1806 4178 Gord.
1882 4116 1965 4177 26
1986 4159 2002 4191 ‚
2072 4118 2147 4189 43
2217 4112 2428 4177 Valer.

476 4224 514 4286 5
561 4225 685 4311 (1),
734 4232 794 4292 4.

564 4340 628 4405 G.
677 4345 715 4407 5
732 4394 750 4424 ,
825 4349 896 4409 1:
959 4370 1318 4434 numquam
1378 4348 1920 4435 [Heliogabalum]
1965 4325 2274 4416 salutavit
2312 4369 2431 4436 per
2550 4441 2555 4445 ι
