3142 5167
1406 525 1489 587 59

875 784 1000 847 lum
1038 743 1379 849 Ι(ΣΑΡΙΤΟΙΔΝΙ
1418 782 1648 847 omnus
1686 781 2001 845 meamus.

551 968 613 1033 O.
683 974 756 1047 4,
829 971 905 1033 5:
977 979 1036 1033 et
1103 973 1236 1034 alia
1302 974 1613 1034 dicuntur
1681 971 1756 1030 ab
1828 970 2006 1044 aliie,
2076 990 2239 1049 quae
2283 972 2426 1049 ipsa

461 1108 700 1168 quoque
765 1109 897 1150 non
966 1091 1327 1151 tacebimus·
1398 1108 1557 1150 nam
1618 1088 1904 1167 plerique
1969 1087 2425 1166 qladiatoriam

452 1226 747 1286 puqnam
792 1228 941 1270 eum
986 1209 1340 1269 eoehibuisse
1384 1209 1695 1269 dixerunt
1741 1212 1801 1266 et
1845 1212 2100 1285 accepta
2145 1206 2297 1268 rudi
2340 1206 2425 1265 ad

459 1324 754 1400 Africam
801 1329 940 1386 isse.
973 1360 1060 1372 —
1093 1321 1454 1386 Macrinum
1498 1321 1821 1385 hominem
1867 1319 2020 1382 olim
2049 1318 2423 1404 ignobilem,

461 1438 782 1503 sordidum
850 1441 916 1503 et
984 1460 1280 1523 spurcum
1324 1459 1455 1503 non
1500 1435 1944 1521 gladiatoriam
1988 1456 2270 1519 pugnam
2318 1457 2426 1497 εω-

461 1557 762 1632 hibuisse,
809 1556 1030 1639 opinor
1048 1604 1062 1633 ,
1109 1555 1218 1618 sed
1264 1559 1617 1619 exercuisse
1662 1553 1980 1617 dixerunt.

763 1954 907 2016 ΑΕΙ.ΙΙ
945 1955 1240 2018 [Ammon
1276 1953 1624 2017 ANTomNus
1661 1954 2129 2017 HELIOGABALUS.

551 2134 618 2197 O.
670 2139 740 2204 4,
802 2138 873 2204 1,:
935 2139 1178 2199 Deinde
1223 2139 1332 2199 ubi
1352 2141 1651 2217 primum
1679 2141 1849 2199 diem
1882 2145 2142 2199 senatus
2171 2138 2392 2197 habuit
2409 2181 2425 2212 ,

459 2258 735 2312 matrem
804 2271 991 2312 suani
1062 2255 1134 2313 in
1204 2259 1499 2314 senatum
1555 2255 1770 2332 roqari
1816 2254 2020 2314 iussit.
2072 2271 2235 2331 quae
2279 2271 2425 2313 cuni

458 2371 729 2428 venisset
758 2413 772 2442 ,
863 2376 1084 2429 vocata
1159 2371 1245 2429 ad
1320 2370 1655 2454 consulum
1735 2368 2028 2430 subsellia
2105 2368 2427 2428 scribendo

459 2459 709 2562 adfuit,
758 2481 852 2566 [id
898 2485 996 2546 est
1041 2485 1300 2546 senatus
1348 2483 1624 2546 consulti
1669 2481 2045 2547 conficiendi
2073 2481 2305 2564 testis}
2343 2520 2424 2529 —

458 2594 707 2659 Ultima
764 2595 954 2659 verba
973 2643 988 2672 ,
1056 2619 1215 2679 quae
1261 2598 1443 2661 uncis
1489 2598 1756 2675 inclusi,
1827 2595 2246 2681 expungenda
2292 2619 2428 2661 esse

461 2731 647 2773 nemo
714 2731 845 2773 non
913 2709 1104 2773 videt.
1203 2710 1397 2786 Quasi
1463 2733 1611 2775 vero
1680 2711 1782 2774 vel
1849 2705 2052 2774 Aelii'
2075 2710 2429 2796 Lampridii

464 2828 668 2888 aetate
713 2825 1091 2902 nescierint,
1140 2825 1469 2890 scribendo
1514 2826 1732 2889 adesse
1775 2826 1926 2909 quid
1973 2826 2097 2890 sibi
2142 2826 2367 2890 vellet!

551 2942 699 3009 Non
767 2944 979 3008 minus
1047 2946 1232 3028 turpe
1301 2943 1611 3008 emblema
1672 2944 1909 3028 legitur
1977 2945 2047 3007 in
2105 2944 2237 3007 ead.
2288 2941 2423 3007 Vit.

469 3065 543 3126 11
571 3112 588 3141 ,
664 3063 737 3125 7:
831 3064 1038 3123 Erant
1105 3066 1300 3124 amici
1369 3063 1641 3142 improbi
1707 3070 1769 3124 et
1829 3033 2002 3123 senes
2057 3063 2322 3141 quidam
2368 3068 2427 3122 et

462 3185 663 3261 speeie
701 3182 1059 3260 philosophi
1102 3184 1214 3261 qui
1256 3187 1450 3260 caput
1478 3182 1741 3242 reticulo
1770 3187 2212 3258 componerent
2227 3225 2242 3252 ,
2290 3176 2429 3260 [qui

462 3293 727 3378 inproba
795 3292 1100 3376 quaedam
1167 3294 1303 3376 pati
1370 3315 1435 3357 se
1482 3292 1794 3375 dicerent]
1812 3340 1827 3370 ,
1897 3298 2007 3374 qui
2053 3298 2319 3356 maritos
2365 3315 2429 3355 se

460 3413 687 3473 habere
755 3414 1088 3472 iactarent.
1164 3447 1245 3457 -—
1314 3407 1436 3473 Vv.
1509 3416 1620 3491 qui
1687 3449 1768 3457 —
1817 3414 2132 3487 dicerent,
2200 3407 2429 3493 quibus

462 3529 571 3608 qui
618 3561 692 3573 -
751 3528 1070 3587 iactarent
1114 3522 1518 3608 explicantur
1538 3572 1553 3603 ,
1602 3525 1768 3589 male
1814 3547 1848 3589 e
1894 3525 2182 3609 margine
2230 3525 2429 3609 irrep-

462 3644 701 3707 serunt.

550 3759 616 3825 C.
693 3761 777 3823 29
800 3806 815 3836 ,
888 3760 962 3822 3:
1056 3763 1295 3822 Habuit
1365 3769 1425 3822 et
1491 3764 1659 3823 hanc
1728 3764 2285 3839 consuetudinem,
2353 3769 2430 3823 ut

463 3886 593 3939 octo
661 3880 864 3940 calvos
929 3884 1182 3957 roqaret
1233 3880 1319 3939 ad
1365 3899 1591 3940 cenam
1637 3887 1697 3940 et
1744 3882 1901 3940 item
1947 3885 2077 3941 octo
2124 3881 2323 3942 luscos
2370 3887 2431 3941 et

464 3997 617 4055 item
661 4004 792 4057 octo
832 3998 1244 4076 podaqrosos,
1316 4002 1447 4057 octo
1494 3999 1752 4072 surdoe,
1824 4004 1955 4058 octo
2000 4001 2217 4077 ni9ros
2233 4003 2282 4073 ,2-
2295 3997 2448 4078 ραὸ·

464 4113 673 4193 lonyos
739 4121 800 4174 et
868 4121 997 4175 octo
1059 4117 1351 4193 pinque&
1407 4151 1487 4161 —
1534 4111 1615 4176 V.
1665 4118 1879 4194 niqros
1926 4134 2054 4177 non
2099 4112 2426 4177 ferendum

464 4226 525 4289 h.
574 4227 616 4289 1.
667 4226 936 4291 videtur.
1030 4223 1271 4311 Agitur
1315 4227 1487 4292 enim
1535 4228 1610 4292 de
1657 4227 2017 4291 hominibus
2064 4228 2174 4311 qui
2219 4227 2430 4312 aliquo

466 4343 738 4427 corporis
806 4343 965 4408 vitio
1019 4344 1328 4409 notabiles
1376 4349 1573 4410 erant.
1671 4344 1909 4420 Quidni
1954 4346 2398 4430 imperatorem
2416 4396 2431 4425 ,
