3142 5167
1489 525 1571 590 35

546 734 924 817 ingestisque
968 753 1157 813 super
1197 735 1491 818 plucibus
1537 734 1727 813 liqnis
1774 751 2078 794 excusare
2124 733 2322 811 coepit
2368 751 2502 793 mo-

545 867 708 910 ram.
760 885 864 938 ¹—
943 846 1365 912 Buechelerus
1440 849 1577 912 iure
1658 847 2091 931 quaestionem
2164 846 2502 930 proponit:

545 960 654 1024 ubi
693 962 1070 1028 collocavit?
1161 963 1491 1028 Excidisse
1537 963 1848 1027 nonnulla
1894 963 2049 1026 satis
2095 961 2505 1025 manifestum

544 1078 656 1139 est.
750 1075 896 1141 Nisi
939 1078 1094 1162 quid
1137 1079 1366 1143 melius
1383 1130 1400 1159 ‚
1472 1082 1546 1143 ut
1594 1070 1949 1163 corrigatur
1993 1098 2276 1161 propono
2323 1080 2501 1140 eollo-

541 1195 706 1252 cavit
771 1194 888 1254 illa
956 1192 1026 1255 in
1092 1192 1310 1258 favilla
1369 1199 1581 1276 iqnem
1646 1199 1837 1257 cassis
1882 1195 2309 1257 arundinibus
2356 1213 2498 1254 con-

539 1315 793 1371 tectum.
908 1307 1082 1372 Fieri
1155 1309 1328 1372 enim
1403 1310 1616 1393 potuit
1640 1357 1655 1388 ‚
1731 1312 1803 1373 ut
1876 1287 2173 1373 librarius
2242 1310 2502 1392 propter

539 1423 808 1506 syllabas
879 1426 1046 1490 infier
1113 1449 1178 1490 se
1247 1426 1607 1492 simillimas
1676 1430 2071 1491 coacervatas
2118 1428 2497 1512 (avitillain-

536 1542 789 1626 favilla)
859 1543 928 1607 in
995 1565 1267 1608 errorem
1336 1544 1756 1608 induceretur.
1866 1543 2048 1629 Ignis
2117 1547 2328 1608 autem
2398 1566 2498 1608 re-

536 1658 809 1723 stinctus
863 1664 1015 1724 erat.
1113 1659 1440 1727 Oenothea
1488 1683 1699 1727 oasam
1744 1660 2090 1747 reliquerat
2136 1662 2217 1726 ad
2262 1685 2497 1728 novum

530 1776 898 1867 petendum.
947 1776 1166 1840 Rediit
1211 1798 1354 1842 oum
1400 1780 1565 1841 testo
1595 1778 1767 1862 ignis
1797 1778 2012 1862 plen0‚
2060 1801 2246 1863 quem
2271 1780 2494 1844 deinde

538 1893 729 1955 cassis
775 1894 1227 1973 arundinibu8‚
1276 1895 1355 1958 ad
1400 1895 1932 1959 exardescendum
1976 1896 2267 1960 facilibus
2288 1945 2310 1982 ‚·
2350 1919 2494 1961 con-

463 2068 470 2076 .
534 2018 784 2074 tectum·
816 2011 886 2074 in
930 2011 1167 2075 favilla·
1194 2014 1453 2096 tepente
1499 2013 1729 2096 posuit.

622 2124 783 2189 Ibid.
882 2130 1079 2203 Quem
1148 2128 1490 2213 [anserem]
1537 2151 1703 2196 anus
1749 2137 1822 2192 ut
1868 2133 2061 2206 vidit,
2132 2137 2267 2192 tam
2313 2129 2492 2211 may-

532 2267 694 2308 num
761 2267 956 2329 aeque
1023 2249 1363 2310 clamorem
1428 2250 1689 2322 sustulit
1707 2294 1721 2323 ,
1791 2255 1865 2309 ut
1927 2256 2192 2327 putares
2254 2253 2492 2311 iterum

533 2363 785 2422 anseres
867 2363 1063 2422 limen
1140 2366 1431 2424 intrasse.
1513 2399 1596 2408 —
1666 2358 1957 2424 Armotat
2036 2359 2489 2425 Buechelerus:

533 2498 750 2563 ‚aeque
796 2480 1177 2559 corruptum.
1227 2478 1612 2542 adiectivum
1658 2477 1834 2543 velut
1880 2488 2248 2566 trucemque
2295 2480 2491 2543 inter-

535 2593 759 2658 cidisse
827 2617 899 2659 eo
966 2596 1101 2659 veri
1169 2595 1441 2659 similius
1487 2595 1653 2680 quod
1699 2617 1828 2659 non
1875 2605 2134 2659 tantum
2180 2598 2491 2680 scriptum

535 2709 669 2772 est'.
762 2710 1078 2794 Equidem
1143 2711 1401 2774 omnino
1450 2711 1843 2787 consentior,
1914 2712 2040 2773 nisi
2086 2711 2251 2795 quod
2296 2735 2492 2798 aeque

539 2847 615 2889 ex
661 2849 994 2914 acremque
1043 2828 1451 2911 depravatum
1499 2849 1633 2890 esse
1680 2829 1890 2911 potius
1938 2828 2329 2893 crediderim.

624 2940 691 3004 C.
768 2945 925 3008 137:
1020 2946 1382 3007 Proselenos
1408 2992 1423 3007 .
1454 2992 1469 3007 .
1499 2992 1513 3007 .
1588 2949 1718 3007 viso
1744 2993 1757 3007 .
1788 2993 1801 3006 .
1874 2967 2099 3008 ansere
2165 2950 2356 3009 occiso
2382 2995 2395 3009 .
2427 2996 2440 3010 .
2471 2997 2485 3011 .

535 3064 685 3140 flere
751 3066 1180 3125 vehementius
1227 3067 1425 3143 coepit
1471 3066 1719 3147 meique
1766 3066 2090 3140 misereri,
2158 3072 2489 3149 tamquam

530 3176 785 3259 patrem
832 3202 1073 3257 meum,
1120 3202 1251 3242 non
1275 3182 1606 3260 publicum
1630 3202 1945 3259 anserem,
1997 3186 2374 3245 occidissem.
2405 3220 2485 3229 —

534 3291 696 3367 Quid
759 3297 1085 3375 publicum
1155 3293 1279 3357 sibi
1324 3293 1482 3357 velit
1523 3315 1655 3357 non
1700 3294 1900 3358 video,
1995 3292 2204 3359 Anser
2249 3298 2490 3361 occisus

532 3431 706 3474 sacer
790 3410 985 3474 fuisse
1061 3410 1328 3475 videtur.
1442 3408 1746 3476 Desidero
1829 3411 2242 3492 adiectivum,
2328 3414 2492 3499 quod

533 3524 988 3589 deminutivum
1063 3526 1195 3590 vim
1269 3524 1476 3589 habet.
1596 3526 1885 3591 Fortasse
1954 3532 2267 3610 pusillum
2343 3551 2491 3594 vera

531 3640 722 3706 lectio
767 3646 882 3707 est.
