3142 5167
1735 533 1776 594 2

1811 655 1830 692 Ι

782 729 1011 795 toclem
1057 729 1281 818 (Arist.
1312 734 1430 821 Eq.
1461 738 1546 801 84
1572 783 1588 815 ,
1633 733 1764 800 Cic.
1814 735 1992 801 Bruiz.
2048 739 2149 817 11,
2197 738 2309 825 43)
2345 740 2543 806 vitam
2567 763 2747 807 suam

781 848 1064 913 finivisse
1110 852 1466 936 antiquitus
1514 875 1650 916 esse
1699 853 2028 918 creditum.
2081 855 2251 931 Quae
2300 879 2443 921 cum
2476 859 2568 922 ita
2592 859 2744 939 sint,

785 965 1226 1050 corrigendum
1271 969 1609 1033 existimo:
1657 974 1785 1034 sive
1834 974 2103 1036 haustus
2127 979 2460 1056 sanquinis
2483 998 2745 1040 cursum

779 1086 1040 1146 animae
1084 1091 1432 1149 remeantis
1485 1089 1864 1151 interscidit.

1042 1466 1281 1529 mALOG.
1316 1467 1423 1529 UB.
1460 1467 1491 1528 ΙΙ
1527 1468 1577 1528 8.
1612 1465 1691 1528 ΠΕ
1723 1466 2112 1532 (ἶΟΝὸῒΑΝΪΙΑ
2146 1470 2468 1535 8ΑΡΙΕΝΪ18.

862 1686 930 1751 O.
973 1689 1074 1767 18,
1104 1690 1161 1753 1:
1200 1690 1261 1752 C.
1303 1691 1535 1752 Caesar
1559 1693 1731 1753 inter
1754 1698 1962 1754 cetera
1989 1696 2169 1771 vitia,
2199 1695 2422 1775 quibus
2443 1696 2730 1760 abunda-

770 1807 893 1882 bat,
939 1779 1425 1870 centumeliosus
1473 1808 1856 1870 mirabiliter
1891 1811 2220 1889 ferebatur
2256 1832 2471 1876 omnes
2510 1816 2729 1896 aliqua

770 1930 925 1984 nota
946 1926 1255 2002 feriendo,
1303 1928 1436 2004 ipse
1457 1927 1738 1987 materia
1760 1928 1931 1988 risus
1953 1928 2426 2007 beniqnissima.
2463 1965 2548 1977 --
2573 1925 2727 1993 Lec-

767 2037 1009 2100 tionem
1051 2035 1214 2113 dedi,
1260 2057 1419 2119 quae
1465 2038 1629 2100 teste
1676 2025 1991 2101 Gronovio
2023 2037 2093 2101 in
2138 2036 2327 2102 Oodd.
2377 2040 2720 2107 inveniizur.

767 2151 912 2237 Ipse
958 2152 1311 2217 Gronovius
1354 2154 1597 2237 recepiss
1624 2175 1700 2217 ex
1745 2153 1926 2236 libris
1969 2141 2222 2217 Erasmi
2266 2158 2332 2218 et
2377 2153 2723 2242 Lipsianis:

770 2273 1062 2333 omnibus
1106 2272 1325 2351 aliqua
1368 2279 1523 2332 nota
1560 2274 1891 2350 feriendiS,
1937 2271 2101 2353 quod
2129 2268 2438 2338 Latinius
2484 2275 2726 2341 dictum

770 2386 1021 2470 putavit
1081 2408 1194 2469 pro
1254 2385 1506 2471 vulgari
1549 2407 1765 2449 omnes
1810 2390 2116 2466 feriendo.
2207 2385 2475 2455 Minime
2521 2393 2727 2476 placei

769 2502 923 2565 haec
984 2500 1356 2565 emendaizio.
1450 2497 1900 2584 Praeterquam
1968 2501 2140 2565 enim
2207 2507 2371 2589 quod
2438 2513 2726 2574 omnibus

769 2638 883 2701 pro
927 2638 1142 2680 omnes
1187 2615 1382 2679 nimis
1426 2614 1724 2678 andaciaer
1768 2614 2185 2680 substiizuizum
2228 2624 2422 2703 put0‚
2491 2621 2724 2688 locuizio

769 2736 1255 2798 contumeliosus
1324 2735 1708 2795 mirabiliter
1751 2736 2077 2812 ferebatur
2121 2754 2235 2817 pro
2280 2739 2463 2800 valde
2506 2748 2725 2803 contu-

765 2852 1061 2913 meliosus
1083 2852 1409 2912 dicebatur
1431 2870 1468 2911 a
1491 2845 1762 2911 Senecae
1791 2848 2110 2913 scribendi
2154 2871 2386 2934 genere
2410 2851 2718 2919 abhorreiz.

763 2965 1036 3029 Haasius
1082 2964 1308 3028 edidit:
1355 2967 1683 3045 ferebatur
1720 2970 1927 3029 omnis
1975 2968 2194 3048 aliqua
2243 2976 2395 3031 nota
2424 2973 2719 3049 feriendi.

765 3081 967 3157 Quam
1010 3080 1350 3145 lectionem
1389 3080 1569 3143 extra
1600 3101 1812 3143 meum
1836 3080 2059 3145 saltem
2084 3082 2300 3145 cadere
2324 3082 2720 3147 intellecizum

766 3195 1026 3261 candide
1083 3196 1399 3260 confiteor.
1471 3192 1693 3257 Potius
1740 3194 2143 3272 crediderim,
2190 3193 2493 3259 Senecam
2520 3196 2716 3281 scrip-

763 3312 951 3375 sisse:
1057 3313 1117 3374 G.
1194 3312 1425 3373 Caesar
1446 3357 1638 3373 .....
1728 3315 2212 3375 contumeliosus
2237 3356 2253 3388 ,
2337 3313 2715 3375 mirabiliter

705 3515 710 3522 .
759 3431 1023 3511 furebat·
1060 3432 1130 3490 in
1176 3448 1390 3489 omnes
1434 3428 1656 3507 aliqua
1698 3435 1853 3489 nota
1895 3431 2235 3508 feriendos,
2280 3431 2413 3509 ipse
2439 3433 2716 3492 materia

762 3550 933 3606 risus
980 3546 1450 3623 beniqmssima.
1508 3539 1628 3612 Cui
1672 3541 1933 3634 lectioni
1977 3565 2167 3627 quam
2212 3545 2482 3609 maxime
2505 3545 2714 3611 favere

762 3661 922 3726 mihi
970 3660 1285 3737 videntur,
1331 3679 1489 3742 quae
1534 3657 1830 3743 deinceps
1877 3659 1946 3723 in
1989 3660 2106 3724 hoc
2150 3659 2299 3745 Gap.
2347 3661 2665 3747 leguntur.
2782 3710 2812 3744 „

1290 4019 1529 4083 mALOG.
1565 4018 1616 4079 ΙΙΙ
1652 4019 1701 4079 8.
1738 4016 1815 4078 ΠΕ
1848 4016 1942 4077 ΙΒΑ
1976 4015 2084 4077 Ι.ΙΒ.
2120 4016 2151 4076 Ι.

843 4223 910 4288 G.
967 4227 1024 4302 1,
1074 4225 1154 4289 7:
1246 4224 1373 4286 Nec
1415 4226 1634 4302 ignoro
1679 4224 1908 4279 ceteros
1976 4235 2214 4295 quoque
2258 4214 2548 4292 adfectus
2595 4217 2706 4277 vix

752 4343 1075 4418 occultari,
1121 4342 1448 4403 libidinem
1493 4342 1858 4414 metumque
1903 4339 1965 4394 et
2009 4333 2354 4394 audaciam
2400 4331 2557 4393 dare
2602 4336 2704 4395 sui
