3142 5167
1435 507 1514 573 79

503 723 781 801 facultas
829 721 952 781 erit
994 724 1258 798 propter
1304 718 1777 795 calamitatem,
1826 739 2024 799 neque
2069 720 2216 781 aliis
2246 721 2468 781 volun-

501 846 600 901 tas
645 843 904 917 propter
950 838 1264 896 timorem.
1311 869 1396 879 —
1436 830 1667 895 Mendo
1714 832 1867 896 haee
1918 832 2106 897 verba
2152 833 2469 898 obscurari

499 956 668 1018 recte
737 951 1030 1015 Halmius
1100 950 1434 1020 annotavit
1500 950 1599 1035 (in
1666 949 1760 1013 ed.
1836 949 2041 1014 Berol.
2120 972 2173 1014 a.
2252 952 2463 1036 1858).

502 1071 703 1148 Quam
772 1090 919 1133 vero
965 1069 1292 1152 proposuit
1337 1068 1887 1132 emendationem:
1949 1092 2063 1133 nos
2104 1072 2471 1151 publicano-

497 1208 648 1247 rum
711 1188 886 1280 bonis
950 1189 1204 1246 amissis
1265 1185 1597 1264 vestiqalia
1639 1205 1821 1265 posse
1869 1189 2011 1265 ipsa
2056 1191 2327 1249 victoria
2371 1209 2470 1249 re-

495 1324 804 1385 cuperare
871 1301 1065 1365 nimis
1134 1300 1471 1364 temeraria
1539 1299 1795 1364 videtur
1816 1348 1830 1377 ‚
1903 1301 2032 1364 nisi
2102 1302 2269 1385 quod
2335 1302 2471 1365 iure

496 1440 676 1499 posse
720 1415 1044 1499 scripserit
1066 1463 1081 1493 ‚
1143 1415 1292 1499 quia
1338 1424 1554 1496 postea
1600 1416 1661 1478 h.
1711 1413 1752 1477 1.
1803 1436 1935 1480 non
1980 1436 2313 1498 praesenS,
2362 1414 2470 1478 sed

503 1534 791 1597 futurum
835 1535 1086 1615 tempus
1131 1532 1417 1615 requirit.
1500 1528 1651 1596 Non
1695 1532 1900 1615 magis
1946 1532 2157 1615 placet
2202 1531 2470 1596 Momm-

472 1626 673 1712 'senii
734 1648 1092 1712 coniectura
1111 1695 1125 1724 ‚
1190 1670 1303 1711 nos
1364 1652 1619 1728 publica
1666 1653 1764 1726 his
1810 1655 2063 1713 amissis
2110 1652 2221 1736 (se.
2272 1649 2472 1713 veeti-

507 1764 701 1849 galia)
764 1772 983 1846 postea
1051 1762 1405 1827 scribentis.
1500 1763 1817 1846 Equidem
1862 1787 1921 1829 v.
1967 1769 2326 1848 publicanis
2371 1766 2471 1828 lu-

506 1877 572 1940 di
616 1879 919 1962 magistro
979 1878 1191 1941 nescio
1253 1878 1356 1941 cui
1401 1877 1618 1941 deberi
1663 1879 1978 1962 suspicor,
2026 1879 2225 1964 quod,
2274 1902 2476 1963 quum.

507 1994 866 2078 explicandi
933 2015 1120 2058 eausa
1166 2015 1355 2076 supra
1399 2014 1667 2077 sequens
1714 1998 1915 2057 isdem
1963 1995 2117 2058 olim
2163 1996 2472 2079 seriptum

506 2114 711 2189 esset,
795 2110 1196 2174 librariorum
1265 2110 1450 2193 eulpa
1517 2131 1597 2173 ex
1666 2132 1777 2173 suo
1847 2110 1982 2174 loeo
2051 2111 2426 2195 migraverit
2451 2160 2466 2190 ‚

505 2248 626 2309 quo
671 2227 836 2291 facto
882 2232 1125 2290 amissa
1169 2226 1239 2289 in
1270 2230 1524 2289 amissis
1556 2224 1803 2289 abierit.
1870 2224 2239 2309 Legendum
2270 2227 2471 2310 igitur

502 2346 598 2405 est
617 2346 647 2405 ε’
701 2366 816 2407 uos
883 2319 1125 2407 amissa
1186 2346 1519 2423 vectiyalia
1561 2363 1743 2424 posse
1788 2347 1930 2424 ipsa
1978 2348 2244 2406 victoria
2291 2365 2472 2406 recu-

491 2482 739 2541 perare.

584 2574 744 2637 Ibid.
818 2578 877 2637 9.
950 2578 1074 2638 22:
1169 2578 1469 2637 Primum
1539 2597 1620 2637 600
1681 2595 1793 2636 suo
1843 2596 2034 2655 reyno
2082 2580 2168 2638 sic
2218 2578 2473 2638 Mithri-

500 2694 676 2751 dates
717 2693 1037 2770 profuqit‚
1085 2698 1159 2751 ut
1207 2712 1285 2751 600
1333 2693 1547 2751 eodem
1598 2693 1799 2752 Ponto
1850 2693 2070 2754 Medea
2119 2695 2234 2754 illa
2279 2714 2473 2774 quon-

500 2810 652 2868 dam
715 2810 1077 2887 profuqisse
1146 2806 1419 2879 dicitur,
1491 2817 1685 2884 quam
1748 2809 2132 2884 praedicant
2197 2813 2268 2869 iu
2313 2814 2472 2892 fuya

502 2926 734 3003 fratris
804 2926 907 2983 sui
953 2923 1237 2983 membra
1285 2926 1356 2982 iu
1404 2924 1484 2982 iis
1531 2923 1707 2995 loci8‚
1774 2941 1900 3001 qua
1946 2943 2009 2983 36
2053 2933 2287 3001 parens
2332 2947 2475 3005 per-

503 3047 901 3119 sequeretur,
967 3041 1410 3117 dissipavisse‚
1476 3044 1550 3097 ut
1607 3057 1830 3099 eorum
1876 3039 2142 3100 collectio
2189 3040 2474 3121 dispersa

506 3177 880 3237 ‘maerorque
924 3155 1180 3235 patrius
1227 3156 1617 3217 celeritatem
1649 3157 2067 3235 persequendi
2092 3160 2472 3222 retardaret.

507 3271 607 3334 Sic
676 3272 1081 3333 Mithridates
1148 3274 1404 3350 fuyiens
1474 3270 1839 3332 mamimam
1913 3268 2044 3334 uim
2091 3275 2245 3335 auri
2289 3284 2476 3357 atque

507 3389 760 3469 aryenti
803 3388 1512 3467 pulcherrimarumque
1560 3407 1782 3447 rerum
1830 3387 2152 3462 omnium,
2214 3387 2369 3471 quas
2416 3400 2477 3455 et

505 3527 548 3568 a
570 3504 944 3567 ·mai0ribus
990 3512 1313 3584 acceperat
1339 3512 1420 3567 et
1468 3504 1602 3584 ipse
1646 3506 1798 3565 bello
1846 3506 2173 3585 superiore
2217 3530 2296 3571 ecc
2342 3518 2474 3572 tota

505 3622 661 3684 Asia
705 3623 992 3702 direptas
1039 3624 1110 3684 in
1157 3643 1349 3684 suum
1389 3642 1660 3703 reynum
1694 3630 2123 3702 couyesserat‚
2173 3625 2243 3686 in
2275 3628 2475 3689 Ponto

509 3759 763 3801 omnem
834 3738 1106 3819 reliquit.
1203 3741 1374 3800 Haec
1445 3740 1604 3799 dum
1658 3738 1865 3799 nostri
1908 3739 2211 3820 colliqunt
2256 3744 2476 3805 omnia

510 3849 913 3934 diliqentiu3‚
986 3875 1102 3915 rex
1175 3854 1305 3933 ipse
1365 3874 1398 3914 e
1457 3854 1759 3913 manibus
1804 3854 2046 3934 effuqit.
2140 3857 2241 3916 Ita
2289 3856 2475 3919 illum

508 3968 583 4031 in
629 3969 1047 4050 persequendi
1089 3970 1302 4031 studio
1362 3989 1651 4044 maeror,
1713 3971 1823 4029 hos
1869 3970 2121 4031 laetitia
2167 3974 2471 4036 tardavit.

511 4086 699 4146 Hunc
723 4131 737 4145 .
768 4117 792 4146 .*
813 4131 826 4146 .
857 4132 871 4146 .
929 4082 1229 4165 Tiqraues
1255 4131 1448 4147 .....
1499 4082 1758 4163 excepit.
1794 4121 1879 4133 —-
1911 4081 2056 4147 V.v.
2108 4087 2210 4146 Ita
2258 4088 2474 4151 illum-

513 4200 799 4262 tardavit
867 4200 1083 4284 spuria
1145 4203 1295 4264 sunt
1359 4202 1424 4263 et
1485 4198 1914 4282 suppositicia.
2011 4198 2114 4286 (In
2163 4202 2201 4263 2
2249 4203 2468 4285 optim.

511 4314 699 4380 Oodd.
762 4320 903 4402 post
965 4319 1151 4380 illum
1196 4318 1507 4383 insertum
1553 4320 1650 4381 est
1698 4339 1739 4380 a
1784 4327 1921 4381 tam
1970 4319 2010 4382 i.
2060 4340 2113 4383 e.
2209 4318 2469 4402 Aetam,

3130 4451 3139 4796 ——q-ssss—
