3142 5167
1717 518 1756 579 6

763 714 1095 799 sedatoque
1139 715 1353 779 animo
1409 715 1609 782 dolori
1654 718 1999 798 indulsisti,
2045 721 2416 787 abstinuisti
2463 722 2720 807 quidem

763 853 801 895 a
843 831 1052 896 luctus
1096 834 1559 914 ostentatione,
1609 835 1717 900 sed
1761 857 1891 902 non
1914 884 1930 916 ‚
1989 837 2153 922 quod
2199 838 2329 902 fere
2374 840 2514 903 fieri
2560 839 2717 904 solet

763 951 880 1016 hac
949 954 1155 1016 aetate
1176 1001 1196 1031 ,
1259 952 1611 1037 impietatis
1663 955 1852 1039 plena
1871 1003 1887 1033 ‚
1954 955 2142 1019 hilari
2200 957 2409 1039 fronte
2475 955 2721 1021 luctum

763 1067 1003 1133 texisti.
1102 1068 1392 1132 Gemitus
1460 1071 1528 1132 et
1588 1072 1888 1152 planctus
1938 1091 2065 1134 uno
2128 1073 2362 1138 tenoress
2415 1073 2718 1158 usurpata

765 1182 1049 1247 invenies
1094 1203 1132 1246 a
1174 1181 1317 1248 Tac.
1368 1179 1540 1248 ΑΒΗ.
1590 1181 1643 1262 Ι,
1695 1186 1809 1261 14;
1855 1181 2069 1249 Senec.
2118 1183 2339 1248 Troad.
2372 1185 2539 1254 902.

853 1299 922 1366 G.
974 1301 1031 1379 1,
1080 1303 1163 1365 3:
1209 1302 1546 1383 inqenium
1587 1304 1799 1385 patris
1823 1351 1838 1366 .
1868 1351 1882 1365 .
1913 1352 1927 1366 .
1999 1303 2073 1366 in
2117 1304 2330 1366 visum
2359 1302 2717 1367 hominum

762 1417 1085 1482 reduxisti
1147 1426 1208 1481 et
1273 1439 1316 1480 a
1360 1440 1512 1482 vera
1554 1420 1745 1483 illum
1788 1420 2132 1484 vindicasti
2174 1428 2375 1483 morte
2418 1441 2493 1483 ac
2535 1421 2718 1483 resti-

762 1536 949 1600 tuisti
1010 1539 1084 1598 in
1143 1535 1402 1617 publica
1467 1524 1886 1599 monurnenta
1953 1536 2183 1615 libros,
2252 1558 2399 1619 quos
2468 1537 2569 1599 vir
2594 1538 2718 1599 -ille

761 1649 1154 1730 fortissimus
1199 1650 1513 1731 sanquine
1555 1671 1668 1714 suo
1714 1652 2071 1733 scripserat.
2126 1651 2376 1732 Optime
2419 1649 2717 1713 meruisti

762 1766 841 1826 de
906 1764 1215 1851 Romanis
1279 1765 1513 1829 studiis
1534 1814 1554 1844 ,
1601 1787 1840 1848 mayna
1898 1766 2160 1830 illorum
2214 1737 2375 1849 pars
2434 1788 2513 1829 ar
2522 1774 2711 1830 serat.

763 1881 1000 1963 optime
1042 1884 1121 1944 de
1157 1883 1448 1962 posteris,
1495 1886 1582 1945 ad
1626 1904 1774 1963 quos
1819 1882 2025 1947 veniet
2069 1883 2447 1963 incorrupta
2491 1904 2713 1945 rerum

762 2002 936 2082 fides.
963 2035 1048 2047 -
1074 1995 1422 2063 Offendunt
1443 1998 1635 2064 verba
1658 2021 1898 2083 maqna
1941 2003 2202 2064 illorum
2242 2023 2398 2083 pars
2444 2007 2713 2064 arserat.

763 2111 1024 2179 Scilicet
1079 2117 1319 2179 arserat
1383 2135 1616 2200 magna
1661 2136 1807 2198 pars
1851 2115 2204 2180 studiorum
2251 2115 2715 2180 Romanorum!

764 2226 875 2309 At,
922 2230 1152 2315 inquit,
1198 2234 1417 2294 studia
1459 2232 1703 2315 tropice
1748 2231 1853 2296 hic
1881 2233 2190 2316 scriptum
2221 2234 2317 2296 est
2340 2253 2454 2317 pro
2476 2236 2717 2309 literae,

764 2371 924 2435 quae
948 2369 1247 2433 magnam
1270 2348 1560 2413 fecerunt
1584 2349 1894 2414 iacturam
1916 2347 2227 2413 Cremutii
2250 2348 2439 2413 Cordi
2461 2348 2717 2432 scriptis

763 2462 1045 2541 abolitis,
1093 2483 1251 2548 quae
1297 2483 1411 2546 per
1456 2459 1715 2527 Aediles
1764 2464 2097 2528 cremanda
2142 2461 2363 2528 Patres
2398 2464 2716 2529 censuisse

761 2577 1018 2641 Tacitus
1064 2574 1260 2661 (ΑΗΒ.
1309 2574 1424 2654 IV,
1474 2576 1586 2662 35)
1632 2576 1827 2641 docet.
1849 2621 1853 2626 -
1876 2576 2005 2643 Fac
2048 2599 2268 2642 revera
2315 2582 2547 2642 studiis
2569 2577 2632 2640 h.
2669 2575 2711 2639 l.

763 2689 1113 2776 significari
1134 2692 1354 2753 literas
1376 2692 1444 2752 at
1471 2690 1735 2754 minime
1758 2692 2042 2755 arserant
2067 2689 2254 2762 Cordi
2276 2690 2446 2769 libri,
2480 2689 2714 2755 nedum

760 2829 906 2892 pars
930 2805 1202 2884 illorum,
1241 2826 1391 2869 nam
1413 2804 1583 2870 idem
1603 2805 1861 2871 Tacitus
1889 2808 2108 2871 auctor
2131 2809 2247 2886 est,
2278 2828 2383 2871 eos
2407 2807 2712 2870 mansisse

761 2923 1143 3001 occultatos,
1215 2922 1382 3007 quod
1426 2924 1836 2988 confirmatur
1880 2921 2169 2989 Suetonii
2214 2922 2439 3010 (Calig.
2495 2924 2603 3010 16)
2648 2926 2714 2987 et

759 3040 988 3106 Dionis
1033 3038 1236 3104 Cassii
1278 3039 1412 3125 (57,
1460 3038 1571 3124 24)
1617 3040 1998 3104 testimonia
2070 3037 2294 3125 Apage
2340 3058 2491 3125 ergo
2536 3043 2716 3125 inep-

758 3158 919 3221 tias!
1012 3154 1278 3239 Scripsit
1338 3151 1576 3219 Seneca
1621 3157 1856 3237 optime
1922 3159 2223 3221 meruisti
2287 3161 2364 3222 de
2407 3157 2716 3225 Romanis

761 3271 996 3364 studiis
1014 3316 1030 3347 ‚
1076 3290 1315 3351 maqna
1359 3269 1619 3332 illorum
1663 3291 1815 3351 pars
1863 3279 2048 3348 erat,·
2099 3272 2139 3335 i.
2198 3292 2249 3336 e.
2301 3274 2539 3358 optime
2584 3297 2716 3339 me-

761 3388 950 3452 ruisti
1015 3385 1092 3450 de
1159 3385 1589 3450 Romanorum
1656 3385 1987 3451 literarum
2032 3387 2299 3469 studiis,
2371 3392 2442 3455 in
2487 3393 2716 3477 quibus

761 3502 1134 3590 primarium
1209 3499 1448 3566 Cordus
1508 3501 1718 3568 locum
1764 3503 2108 3569 obtinebat.
2204 3505 2296 3571 Of.
2353 3511 2431 3574 18
2460 3557 2475 3588 ‚
2527 3511 2564 3573 7
2592 3531 2607 3573 ε
2655 3518 2716 3573 et

761 3630 1072 3705 spectator
1138 3627 1200 3682 et
1266 3624 1400 3701 ipse
1461 3641 1621 3702 pars
1689 3642 1928 3702 maqna
1995 3624 2413 3702 conantium3
2485 3628 2566 3704 2,
2632 3626 2715 3689 5:

760 3739 1088 3803 carmina.
1110 3783 1126 3799 .
1147 3783 1161 3798 .
1212 3736 1486 3818 aliosque
1531 3722 1894 3799 studiorum
1940 3741 2202 3802 honores
2247 3740 2481 3803 reiecit.

851 3854 920 3920 O.
973 3856 1050 3932 1,
1120 3855 1201 3917 8:
1247 3855 1610 3916 volnerum.
1632 3901 1646 3916 .
1664 3900 1678 3915 .
1729 3858 1976 3917 sanitas
2022 3855 2235 3934 facilis
2281 3864 2405 3933 est,
2473 3859 2631 3919 dum
2675 3878 2717 3919 a

762 3972 1075 4055 sanquine
1121 3970 1400 4033 recentia
1444 3977 1609 4033 sunt.
1662 4006 1744 4018 —
1790 3966 2001 4054 Lege:
2048 3976 2318 4034 sanatio.

851 4088 931 4153 O:
969 4092 1051 4166 4,
1120 4089 1189 4151 2:
1237 4083 1430 4171 [Iulia
1474 4083 1794 4171 Augusta]
1865 4089 1937 4151 in
1977 4089 2193 4170 primo
2239 4092 2488 4168 fervore
2510 4137 2526 4167 ,
2570 4111 2716 4154 curn

762 4210 1048 4274 ‘maxime
1092 4206 1476 4289 inpatientes
1543 4208 1897 4288 ferocesque
1941 4213 2094 4268 sunt
2162 4206 2461 4270 miseriae
2485 4253 2501 4284 ,
2570 4228 2716 4271 con-

763 4330 999 4391 solareo
1042 4324 1402 4408 philosopho
1447 4322 1576 4387 viri
1620 4327 1723 4386 sui
1761 4324 2075 4405 praebuit.
2109 4359 2195 4373 -
2218 4320 2492 4389 Haasius
2516 4323 2717 4388 edidit
