3142 5167
1311 505 1578 577 W83

486 707 489 712 ¹
560 740 707 783 cum
773 723 1120 798 superioris
1191 722 1387 779 etiam
1448 690 1695 780 ordinis
1741 719 2040 781 nonnulli
2084 723 2335 796 ratione
2359 741 2526 800 per-

565 840 723 898 moti
791 837 1193 897 manendum
1264 856 1331 897 eo
1388 837 1513 897 loeo
1561 843 1623 897 et
1668 856 1804 897 rem
1845 836 2084 916 proelio
2129 839 2526 897 committen-

559 956 712 1014 dam
775 956 1243 1015 existimarent.
1344 953 1581 1012 Contra
1631 952 1863 1012 Gaesar
1906 972 2108 1031 neque
2151 954 2307 1012 satis
2352 951 2527 1013 mili-

560 1071 725 1130 tibus
785 1072 1152 1148 perterritis
1218 1071 1568 1148 confidebat
1585 1114 1602 1143 ‚
1667 1072 2073 1148 spatiumque
2117 1072 2528 1147 interponen-

560 1185 720 1246 dum
793 1184 880 1243 ad
950 1185 1325 1244 recreandos
1396 1187 1648 1244 animos
1711 1184 1986 1263 putabat
2003 1228 2018 1257 ‚
2092 1190 2153 1244 et
2215 1190 2527 1245 relictio

560 1309 1127 1365 munitionibus
1179 1323 1672 1379 manuopera
1740 1303 1836 1361 rei
1906 1301 2384 1377 frumentariae
2449 1301 2532 1357 ti-

559 1415 785 1476 mebat.
829 1449 915 1460 —
945 1410 1081 1475 Iam
1126 1409 1205 1474 D.
1255 1410 1521 1475 Vossius
1567 1411 1646 1475 ad
1693 1411 1864 1475 hunc
1909 1410 2117 1475 locum
2161 1410 2528 1473 annotavit:

569 1523 953 1610 »Nunquam
998 1528 1089 1590 it'a
1136 1527 1476 1610 scripserat
1522 1524 1787 1603 Caesar3
1834 1548 1986 1590 nam
2034 1528 2277 1590 certum
2315 1527 2413 1588 est
2450 1524 2529 1588 ad

566 1641 991 1725 Dyrrachium
1034 1644 1322 1706 manenti
1367 1644 1773 1708 metuendam
1819 1644 2012 1706 fuisse
2052 1643 2301 1706 famem.
2350 1639 2531 1705 Ideo-

563 1778 686 1840 que
752 1756 876 1820 alia
945 1757 1080 1822 loca
1147 1757 1421 1840 petenda
1470 1758 1715 1821 erant.’'
1806 1754 1899 1820 At
1941 1778 2071 1822 non
2116 1759 2253 1822 viro
2300 1757 2533 1821 doctis·
2620 1801 2623 1803 ψ

564 1872 724 1935 simo
811 1873 1086 1957 contigit
1154 1872 1249 1936 ita
1319 1872 1527 1936 locum
1605 1875 1968 1957 corruptum
2036 1894 2308 1957 purgare
2328 1921 2343 1950 ‚
2423 1874 2497 1935 ut
2514 1918 2531 1950 ,

565 2007 754 2072 quam
838 1987 1249 2052 indicavisset
1326 1986 1766 2051 difficultatem
1785 2035 1800 2065 ,
1884 1987 2283 2070 aliquatenus
2349 1987 2534 2050 tolle-

568 2103 713 2164 ret..
776 2099 931 2163 Post
993 2122 1139 2164 eum
1198 2100 1503 2184 permulti
1574 2100 1847 2165 editores
1908 2075 2162 2185 ingenti
2205 2101 2414 2164 labore
2461 2123 2534 2165 ac

570 2218 778 2282 studio
847 2218 1187 2282 lectionem
1257 2218 1585 2302 vulgatam
1650 2218 1819 2281 tueri
1888 2219 2098 2281 conati
2143 2220 2312 2281 sunt.
2410 2216 2535 2292 Qui

564 2338 784 2399 tamen
850 2356 1071 2399 omnes
1139 2356 1394 2419 operam
1462 2338 1527 2398 et
1572 2335 1781 2399 oleum
1821 2335 2167 2420 perdidisse
2212 2334 2531 2399 videntur.

567 2450 845 2514 Tantum
911 2451 1084 2514 enim
1152 2450 1357 2514 abfuit
1375 2498 1390 2527 ‚
1460 2452 1535 2512 ut
1613 2449 1874 2513 Caesar·
1910 2449 2167 2513 timeret
2185 2497 2200 2526 ‚
2269 2470 2350 2512 ne
2395 2451 2536 2512 tum

567 2565 819 2629 demum
884 2566 1190 2629 frumenti
1260 2566 1475 2648 inopia
1543 2564 1859 2629 laboraret
1880 2612 1895 2642 ‚
1963 2586 2158 2649 quum
2232 2562 2537 2626 munitio-

570 2698 684 2739 nes
775 2677 1141 2759 reliquisset
1159 2724 1174 2754 ,
1257 2680 1331 2739 ut
1413 2681 1633 2741 contra
1708 2678 1862 2742 haec
1937 2679 2076 2761 ipsa
2148 2678 2362 2761 inopia
2435 2677 2538 2743 vel

568 2792 909 2876 praecipua
994 2813 1179 2856 causa
1252 2794 1420 2855 esset
1440 2839 1455 2869 ,
1530 2791 1609 2856 ob
1678 2813 1867 2874 quam
1938 2792 2327 2856 munitiones
2396 2792 2537 2855 illas

571 2927 761 2989 quam
833 2906 1109 2989 primum
1154 2905 1512 2990 relinquere
1558 2907 1805 2970 statuit.
1899 2904 2133 2970 Parum
2179 2906 2381 2990 igitur
2425 2887 2540 2970 du-

570 3020 749 3085 bium
816 3024 912 3085 est
935 3070 950 3100 ,
1020 3023 1178 3105 quin
1246 3022 1477 3086 vitiosa
1544 3022 1736 3087 lectio
1804 3023 1874 3087 in
1932 3022 2125 3086 libros
2191 3023 2537 3106 irrepserit.

569 3136 663 3200 Ut
707 3140 923 3200 autem
968 3137 1122 3221 quid
1165 3160 1232 3202 re
1279 3159 1429 3201 vera
1475 3137 1629 3201 olim
1678 3138 1986 3221 scriptum
2033 3138 2119 3200 sit
2162 3139 2507 3222 reperirem
2521 3186 2536 3217 ,

569 3254 810 3318 recurri
881 3253 961 3317 ad
1032 3251 1531 3319 Commentarios
1604 3254 1680 3318 de
1726 3254 1861 3318 vita
1905 3252 1956 3317 I.
2009 3253 2291 3318 Caesaris
2310 3302 2326 3331 ‚
2389 3255 2503 3338 qui
2520 3303 2536 3333 ‚

568 3369 721 3433 olim
790 3367 945 3433 Iulii
1015 3370 1342 3434 cuiusdam
1388 3369 1558 3434 Celsi
1603 3371 1861 3434 nomine
1908 3370 2296 3449 circumlati,
2364 3393 2537 3435 nunc

568 3486 901 3552 Petrarcae
974 3488 1165 3573 vulgo
1233 3487 1625 3553 tribuuntur.
1719 3487 1801 3553 In
1870 3488 1970 3551 his
2046 3510 2228 3571 saepe
2282 3510 2536 3572 prorsus

566 3606 784 3670 eadem
805 3654 820 3684 ‚
891 3626 1050 3689 quae
1123 3605 1290 3690 apud
1359 3607 1569 3690 ipsum
1639 3605 1967 3670 Caesarem
2035 3605 2366 3689 leguntur,
2429 3605 2539 3669 sed

566 3717 821 3784 brevius
893 3718 1264 3804 plerumque
1333 3721 1569 3802 scripta
1590 3767 1605 3796 ‚
1675 3719 1852 3782 vides
1874 3767 1889 3797 ‚
1958 3719 2052 3782 ita
2113 3722 2186 3781 ut
2230 3721 2535 3803 perpetua

567 3828 1177 3897 Commentariorum
1249 3833 1648 3916 paraphrasis
1716 3832 1846 3895 fere
1915 3829 2044 3896 dici
2102 3832 2322 3915 possit.
2414 3829 2534 3895 Pe-

568 3948 776 4011 trarca
842 3951 1054 4012 autem
1072 3996 1087 4026 ‚
1158 3948 1259 4013 vel
1328 3949 1689 4032 quicunque
1761 3947 1934 4011 illius
2003 3946 2207 4011 libelli
2266 3948 2535 4030 scriptor

567 4062 692 4127 fuit
710 4111 725 4141 ‚
794 4064 958 4129 libro
1002 4087 1152 4128 usus
1199 4087 1334 4128 esse
1380 4065 1664 4142 videtur,
1725 4064 2069 4129 correctius
2116 4064 2352 4147 scripto
2369 4111 2385 4142 ‚
2452 4064 2532 4126 iis

569 4200 646 4242 ex
713 4180 940 4264 quibus
1008 4183 1213 4246 nostri
1280 4181 1540 4247 Codices
1610 4185 1968 4246 manarunt.
2078 4180 2289 4245 Habet
2356 4181 2529 4245 enim

568 4289 896 4358 Petrarca:
965 4319 1166 4378 neque
1222 4306 1562 4378 praeterea
1612 4306 1748 4359 tam
1796 4300 2069 4375 hostem,
2141 4318 2336 4377 quam
2381 4299 2532 4375 fru-
