<?xml version="1.0" encoding="UTF-8"?>
<!DOCTYPE html PUBLIC "-//W3C//DTD XHTML 1.0 Transitional//EN"
    "http://www.w3.org/TR/xhtml1/DTD/xhtml1-transitional.dtd">
<html xmlns="http://www.w3.org/1999/xhtml" xml:lang="en" lang="en">
 <head>
  <title>
</title>
<meta http-equiv="Content-Type" content="text/html;charset=utf-8" />
  <meta name='ocr-system' content='tesseract 3.04.00' />
  <meta name='ocr-capabilities' content='ocr_page ocr_carea ocr_par ocr_line ocrx_word'/>
</head>
<body>
  <div class='ocr_page' id='page_1' title='image "./coniectanealati00corngoog_0065.png"; bbox 0 0 3142 5167; ppageno 0'>
   <div class='ocr_carea' id='block_1_1' title="bbox 1412 535 1495 598">
    <p class='ocr_par' dir='ltr' id='par_1_1' title="bbox 1412 535 1495 598">
     <span class='ocr_line' id='line_1_1' title="bbox 1412 535 1495 598; baseline -0.024 0"><span class='ocrx_word' id='word_1_1' title='bbox 1412 535 1495 598; x_wconf 85' lang='lat'>45</span> 
     </span>
    </p>
   </div>
   <div class='ocr_carea' id='block_1_2' title="bbox 467 736 2434 1746">
    <p class='ocr_par' dir='ltr' id='par_1_2' title="bbox 467 736 2434 1746">
     <span class='ocr_line' id='line_1_2' title="bbox 471 736 2419 822; baseline -0.003 -19"><span class='ocrx_word' id='word_1_2' title='bbox 471 741 659 805; x_wconf 90' lang='lat' dir='ltr'>stitit.</span> <span class='ocrx_word' id='word_1_3' title='bbox 768 736 951 803; x_wconf 90' lang='lat' dir='ltr'>Nihil</span> <span class='ocrx_word' id='word_1_4' title='bbox 1022 743 1191 804; x_wconf 85' lang='lat' dir='ltr'>certe</span> <span class='ocrx_word' id='word_1_5' title='bbox 1258 737 1543 803; x_wconf 81' lang='lat' dir='ltr'><strong>Plinium</strong></span> <span class='ocrx_word' id='word_1_6' title='bbox 1565 787 1580 816; x_wconf 91' lang='lat'>,</span> <span class='ocrx_word' id='word_1_7' title='bbox 1648 737 2010 822; x_wconf 84' lang='lat' dir='ltr'>provinciae</span> <span class='ocrx_word' id='word_1_8' title='bbox 2079 737 2388 800; x_wconf 86' lang='lat' dir='ltr'>rectorem</span> <span class='ocrx_word' id='word_1_9' title='bbox 2405 782 2419 811; x_wconf 93' lang='lat'><strong>‚</strong></span> 
     </span>
     <span class='ocr_line' id='line_1_3' title="bbox 473 837 2425 939; baseline -0.002 -22"><span class='ocrx_word' id='word_1_10' title='bbox 473 856 632 919; x_wconf 89' lang='lat' dir='ltr'>scire</span> <span class='ocrx_word' id='word_1_11' title='bbox 720 837 1016 918; x_wconf 70' lang='lat' dir='ltr'>interfuit</span> <span class='ocrx_word' id='word_1_12' title='bbox 1104 853 1277 939; x_wconf 84' lang='lat' dir='ltr'>quali</span> <span class='ocrx_word' id='word_1_13' title='bbox 1369 854 1507 918; x_wconf 92' lang='lat' dir='ltr'>cibo</span> <span class='ocrx_word' id='word_1_14' title='bbox 1585 852 1937 917; x_wconf 72' lang='lat' dir='ltr'>Christiani</span> <span class='ocrx_word' id='word_1_15' title='bbox 1982 852 2388 916; x_wconf 86' lang='lat' dir='ltr'>vescerentur</span> <span class='ocrx_word' id='word_1_16' title='bbox 2410 896 2425 927; x_wconf 94' lang='lat'>‚</span> 
     </span>
     <span class='ocr_line' id='line_1_4' title="bbox 471 971 2428 1056; baseline -0.002 -22"><span class='ocrx_word' id='word_1_17' title='bbox 471 972 684 1056; x_wconf 77' lang='lat' dir='ltr'>itaque</span> <span class='ocrx_word' id='word_1_18' title='bbox 765 993 895 1036; x_wconf 89' lang='lat' dir='ltr'>non</span> <span class='ocrx_word' id='word_1_19' title='bbox 970 992 1125 1056; x_wconf 90' lang='lat' dir='ltr'>opus</span> <span class='ocrx_word' id='word_1_20' title='bbox 1187 971 1316 1036; x_wconf 87' lang='lat' dir='ltr'>fuit</span> <span class='ocrx_word' id='word_1_21' title='bbox 1382 971 1695 1035; x_wconf 83' lang='lat' dir='ltr'>affirmare</span> <span class='ocrx_word' id='word_1_22' title='bbox 1758 971 1945 1034; x_wconf 91' lang='lat' dir='ltr'>illum</span> <span class='ocrx_word' id='word_1_23' title='bbox 1984 974 2428 1051; x_wconf 77' lang='lat' dir='ltr'>promiscuum</span> 
     </span>
     <span class='ocr_line' id='line_1_5' title="bbox 469 1080 2430 1150; baseline -0.002 -2"><span class='ocrx_word' id='word_1_24' title='bbox 469 1085 664 1149; x_wconf 85' lang='lat' dir='ltr'>fuisse</span> <span class='ocrx_word' id='word_1_25' title='bbox 732 1088 798 1148; x_wconf 87' lang='lat' dir='ltr'>et</span> <span class='ocrx_word' id='word_1_26' title='bbox 864 1090 1228 1150; x_wconf 72' lang='lat' dir='ltr'>innowium.</span> <span class='ocrx_word' id='word_1_27' title='bbox 1321 1083 1414 1148; x_wconf 88' lang='lat' dir='ltr'>At</span> <span class='ocrx_word' id='word_1_28' title='bbox 1480 1106 1613 1149; x_wconf 93' lang='lat' dir='ltr'>non</span> <span class='ocrx_word' id='word_1_29' title='bbox 1670 1084 1847 1148; x_wconf 91' lang='lat' dir='ltr'>cibus</span> <span class='ocrx_word' id='word_1_30' title='bbox 1898 1082 2079 1148; x_wconf 87' lang='lat' dir='ltr'>credo</span> <span class='ocrx_word' id='word_1_31' title='bbox 2126 1080 2235 1146; x_wconf 88' lang='lat' dir='ltr'>sed</span> <span class='ocrx_word' id='word_1_32' title='bbox 2281 1102 2430 1146; x_wconf 91' lang='lat' dir='ltr'>con-</span> 
     </span>
     <span class='ocr_line' id='line_1_6' title="bbox 469 1199 2429 1288; baseline -0.003 -20"><span class='ocrx_word' id='word_1_33' title='bbox 469 1207 698 1268; x_wconf 84' lang='lat' dir='ltr'>ventus</span> <span class='ocrx_word' id='word_1_34' title='bbox 719 1252 734 1283; x_wconf 90' lang='lat'>‚</span> <span class='ocrx_word' id='word_1_35' title='bbox 781 1225 969 1288; x_wconf 91' lang='lat' dir='ltr'>quem</span> <span class='ocrx_word' id='word_1_36' title='bbox 1013 1203 1241 1268; x_wconf 86' lang='lat' dir='ltr'>habere</span> <span class='ocrx_word' id='word_1_37' title='bbox 1289 1203 1579 1268; x_wconf 87' lang='lat' dir='ltr'>solebant</span> <span class='ocrx_word' id='word_1_38' title='bbox 1624 1203 1703 1267; x_wconf 77' lang='lat' dir='ltr'>ad</span> <span class='ocrx_word' id='word_1_39' title='bbox 1750 1201 1962 1267; x_wconf 92' lang='lat' dir='ltr'>cibum</span> <span class='ocrx_word' id='word_1_40' title='bbox 2010 1199 2429 1284; x_wconf 80' lang='lat' dir='ltr'>capiendum,</span> 
     </span>
     <span class='ocr_line' id='line_1_7' title="bbox 467 1314 2428 1402; baseline -0.002 -21"><span class='ocrx_word' id='word_1_41' title='bbox 467 1319 861 1402; x_wconf 89' lang='lat' dir='ltr'>promiscuus</span> <span class='ocrx_word' id='word_1_42' title='bbox 934 1321 1070 1383; x_wconf 83' lang='lat' dir='ltr'>erat</span> <span class='ocrx_word' id='word_1_43' title='bbox 1137 1321 1203 1382; x_wconf 86' lang='lat' dir='ltr'>et</span> <span class='ocrx_word' id='word_1_44' title='bbox 1271 1318 1571 1382; x_wconf 86' lang='lat' dir='ltr'>innoxius</span> <span class='ocrx_word' id='word_1_45' title='bbox 1620 1318 1660 1381; x_wconf 90' lang='lat' dir='ltr'>i.</span> <span class='ocrx_word' id='word_1_46' title='bbox 1712 1339 1762 1381; x_wconf 85' lang='lat' dir='ltr'>e.</span> <span class='ocrx_word' id='word_1_47' title='bbox 1812 1338 2028 1382; x_wconf 90' lang='lat' dir='ltr'>omnes</span> <span class='ocrx_word' id='word_1_48' title='bbox 2075 1314 2428 1380; x_wconf 76' lang='lat' dir='ltr'>Christiani</span> 
     </span>
     <span class='ocr_line' id='line_1_8' title="bbox 468 1428 2434 1516; baseline -0.003 -19"><span class='ocrx_word' id='word_1_49' title='bbox 468 1433 962 1516; x_wconf 90' lang='lat' dir='ltr'>uniuscuiusque</span> <span class='ocrx_word' id='word_1_50' title='bbox 1008 1432 1287 1510; x_wconf 80' lang='lat' dir='ltr'>ordiniS‚</span> <span class='ocrx_word' id='word_1_51' title='bbox 1351 1452 1661 1516; x_wconf 79' lang='lat' dir='ltr'><strong>sexusque</strong></span> <span class='ocrx_word' id='word_1_52' title='bbox 1707 1434 1773 1495; x_wconf 87' lang='lat' dir='ltr'>et</span> <span class='ocrx_word' id='word_1_53' title='bbox 1818 1430 2047 1494; x_wconf 84' lang='lat' dir='ltr'>aetatis</span> <span class='ocrx_word' id='word_1_54' title='bbox 2095 1428 2434 1494; x_wconf 86' lang='lat' dir='ltr'>convenie-</span> 
     </span>
     <span class='ocr_line' id='line_1_9' title="bbox 468 1544 2432 1660; baseline -0.003 -49"><span class='ocrx_word' id='word_1_55' title='bbox 468 1547 623 1611; x_wconf 80' lang='lat' dir='ltr'>bant</span> <span class='ocrx_word' id='word_1_56' title='bbox 669 1547 897 1611; x_wconf 79' lang='lat' dir='ltr'>cotidie</span> <span class='ocrx_word' id='word_1_57' title='bbox 945 1569 1074 1613; x_wconf 91' lang='lat' dir='ltr'>non</span> <span class='ocrx_word' id='word_1_58' title='bbox 1126 1547 1249 1611; x_wconf 84' lang='lat' dir='ltr'>alio</span> <span class='ocrx_word' id='word_1_59' title='bbox 1298 1547 1560 1612; x_wconf 88' lang='lat' dir='ltr'>consilio</span> <span class='ocrx_word' id='word_1_60' title='bbox 1589 1595 1604 1625; x_wconf 90' lang='lat'><strong>‚</strong></span> <span class='ocrx_word' id='word_1_61' title='bbox 1652 1568 1842 1631; x_wconf 85' lang='lat' dir='ltr'>quam</span> <span class='ocrx_word' id='word_1_62' title='bbox 1888 1549 1963 1610; x_wconf 87' lang='lat' dir='ltr'>ut</span> <span class='ocrx_word' id='word_1_63' title='bbox 2008 1544 2432 1660; x_wconf 53' lang='lat' dir='ltr'>commugiter</span> 
     </span>
     <span class='ocr_line' id='line_1_10' title="bbox 470 1657 2432 1746; baseline -0.001 -20"><span class='ocrx_word' id='word_1_64' title='bbox 470 1662 682 1726; x_wconf 92' lang='lat' dir='ltr'>cibum</span> <span class='ocrx_word' id='word_1_65' title='bbox 729 1666 1045 1746; x_wconf 80' lang='lat' dir='ltr'>caperent.</span> <span class='ocrx_word' id='word_1_66' title='bbox 1141 1662 1313 1738; x_wconf 82' lang='lat' dir='ltr'>Quae</span> <span class='ocrx_word' id='word_1_67' title='bbox 1359 1686 1505 1729; x_wconf 91' lang='lat' dir='ltr'>cum</span> <span class='ocrx_word' id='word_1_68' title='bbox 1550 1664 1644 1727; x_wconf 78' lang='lat' dir='ltr'>ita</span> <span class='ocrx_word' id='word_1_69' title='bbox 1690 1663 1850 1741; x_wconf 89' lang='lat' dir='ltr'>sint,</span> <span class='ocrx_word' id='word_1_70' title='bbox 1900 1664 2072 1727; x_wconf 88' lang='lat' dir='ltr'>inter</span> <span class='ocrx_word' id='word_1_71' title='bbox 2117 1657 2325 1726; x_wconf 65' lang='lat' dir='ltr'>cibu‘m</span> <span class='ocrx_word' id='word_1_72' title='bbox 2372 1671 2432 1725; x_wconf 85' lang='lat' dir='ltr'>et</span> 
     </span>
    </p>
   </div>
   <div class='ocr_carea' id='block_1_3' title="bbox 3133 823 3137 1326">
    <p class='ocr_par' dir='ltr' id='par_1_3' title="bbox 3133 823 3137 1326">
     <span class='ocr_line' id='line_1_11' title="bbox 3133 823 3137 1326; baseline 0 0"><span class='ocrx_word' id='word_1_73' title='bbox 3133 823 3137 1326; x_wconf 95' lang='lat' dir='ltr'> </span> 
     </span>
    </p>
   </div>
   <div class='ocr_carea' id='block_1_4' title="bbox 462 1777 2568 1896">
    <p class='ocr_par' dir='ltr' id='par_1_4' title="bbox 462 1777 2568 1896">
     <span class='ocr_line' id='line_1_12' title="bbox 462 1777 2568 1862; baseline 0.001 -23"><span class='ocrx_word' id='word_1_74' title='bbox 462 1782 902 1859; x_wconf 75' lang='lat' dir='ltr'>promiscuum</span> <span class='ocrx_word' id='word_1_75' title='bbox 962 1777 1270 1842; x_wconf 79' lang='lat' dir='ltr'>excidisse</span> <span class='ocrx_word' id='word_1_76' title='bbox 1314 1780 1445 1843; x_wconf 86' lang='lat' dir='ltr'>fere</span> <span class='ocrx_word' id='word_1_77' title='bbox 1491 1782 1690 1862; x_wconf 89' lang='lat' dir='ltr'>puto:</span> <span class='ocrx_word' id='word_1_78' title='bbox 1769 1786 2151 1844; x_wconf 75' lang='lat' dir='ltr'>conventum</span> <span class='ocrx_word' id='word_1_79' title='bbox 2201 1781 2430 1841; x_wconf 77' lang='lat' dir='ltr'>habere</span> <span class='ocrx_word' id='word_1_80' title='bbox 2519 1787 2568 1858; x_wconf 78' lang='lat'>.&#39;</span> 
     </span>
     <span class='ocr_line' id='line_1_13' title="bbox 2243 1867 2366 1896; baseline 0.016 -2"><span class='ocrx_word' id='word_1_81' title='bbox 2243 1871 2262 1894; x_wconf 66' lang='grc' dir='ltr'>ἱ</span> <span class='ocrx_word' id='word_1_82' title='bbox 2285 1867 2302 1886; x_wconf 70' lang='grc'>““</span> <span class='ocrx_word' id='word_1_83' title='bbox 2351 1879 2366 1896; x_wconf 61' lang='grc' dir='ltr'>ι</span> 
     </span>
    </p>
   </div>
   <div class='ocr_carea' id='block_1_5' title="bbox 470 1896 1776 2028">
    <p class='ocr_par' dir='ltr' id='par_1_5' title="bbox 470 1896 1776 2028">
     <span class='ocr_line' id='line_1_14' title="bbox 470 1896 1776 1976; baseline 0.001 -20"><span class='ocrx_word' id='word_1_84' title='bbox 470 1896 699 1958; x_wconf 77' lang='lat' dir='ltr'>solitos,</span> <span class='ocrx_word' id='word_1_85' title='bbox 1759 1963 1776 1976; x_wconf 33' lang='grc' dir='ltr'><strong>ὸ</strong></span> 
     </span>
     <span class='ocr_line' id='line_1_15' title="bbox 1739 1995 1766 2028; baseline 0 0"><span class='ocrx_word' id='word_1_86' title='bbox 1739 1995 1766 2028; x_wconf 67' lang='lat' dir='ltr'>d</span> 
     </span>
    </p>
   </div>
   <div class='ocr_carea' id='block_1_6' title="bbox 1273 2152 1609 2162">
    <p class='ocr_par' dir='ltr' id='par_1_6' title="bbox 1273 2152 1609 2162">
     <span class='ocr_line' id='line_1_16' title="bbox 1273 2152 1609 2162; baseline 0 3005"><span class='ocrx_word' id='word_1_87' title='bbox 1273 2152 1609 2162; x_wconf 95' lang='lat' dir='ltr'> </span> 
     </span>
    </p>
   </div>
   <div class='ocr_carea' id='block_1_7' title="bbox 557 2199 2439 2582">
    <p class='ocr_par' dir='ltr' id='par_1_7' title="bbox 557 2199 2439 2582">
     <span class='ocr_line' id='line_1_17' title="bbox 1542 2199 1648 2256; baseline 0 -2"><span class='ocrx_word' id='word_1_88' title='bbox 1542 2245 1553 2254; x_wconf 89' lang='lat'>.</span> <span class='ocrx_word' id='word_1_89' title='bbox 1589 2199 1648 2256; x_wconf 58' lang='lat' dir='ltr'><em>J</em></span> 
     </span>
     <span class='ocr_line' id='line_1_18' title="bbox 1236 2295 1666 2377; baseline -0.002 -3"><span class='ocrx_word' id='word_1_90' title='bbox 1236 2295 1666 2377; x_wconf 68' lang='grc' dir='ltr'>ΡΑΝεεγκιουὲ.</span> 
     </span>
     <span class='ocr_line' id='line_1_19' title="bbox 557 2421 2439 2582; baseline -0.003 -26"><span class='ocrx_word' id='word_1_91' title='bbox 557 2492 625 2556; x_wconf 82' lang='lat' dir='ltr'>O.</span> <span class='ocrx_word' id='word_1_92' title='bbox 695 2494 766 2555; x_wconf 89' lang='lat'>1:</span> <span class='ocrx_word' id='word_1_93' title='bbox 862 2495 987 2567; x_wconf 76' lang='lat' dir='ltr'>Qui</span> <span class='ocrx_word' id='word_1_94' title='bbox 1053 2512 1188 2554; x_wconf 81' lang='lat' dir='ltr'>mos</span> <span class='ocrx_word' id='word_1_95' title='bbox 1256 2496 1362 2553; x_wconf 79' lang='lat' dir='ltr'>cui</span> <span class='ocrx_word' id='word_1_96' title='bbox 1424 2496 1641 2572; x_wconf 82' lang='lat' dir='ltr'>potius</span> <span class='ocrx_word' id='word_1_97' title='bbox 1703 2421 1920 2582; x_wconf 48' lang='lat' dir='ltr'>guam,</span> <span class='ocrx_word' id='word_1_98' title='bbox 1970 2451 2254 2567; x_wconf 59' lang='lat' dir='ltr'>consuii:</span> <span class='ocrx_word' id='word_1_99' title='bbox 2293 2496 2439 2554; x_wconf 80' lang='lat' dir='ltr'>‚aut</span> 
     </span>
    </p>
   </div>
   <div class='ocr_carea' id='block_1_8' title="bbox 461 2612 2441 3856">
    <p class='ocr_par' dir='ltr' id='par_1_8' title="bbox 467 2612 2441 3385">
     <span class='ocr_line' id='line_1_20' title="bbox 468 2612 2439 2700; baseline -0.002 -26"><span class='ocrx_word' id='word_1_100' title='bbox 468 2614 727 2698; x_wconf 77' lang='lat' dir='ltr'>quando</span> <span class='ocrx_word' id='word_1_101' title='bbox 794 2615 1000 2691; x_wconf 72' lang='lat' dir='ltr'>maqis</span> <span class='ocrx_word' id='word_1_102' title='bbox 1068 2614 1507 2692; x_wconf 60' lang='lat' dir='ltr'>usurpandus</span> <span class='ocrx_word' id='word_1_103' title='bbox 1557 2612 1974 2693; x_wconf 78' lang='lat' dir='ltr'>colendusque</span> <span class='ocrx_word' id='word_1_104' title='bbox 2007 2618 2174 2700; x_wconf 54' lang='lat' dir='ltr'>‚est3</span> <span class='ocrx_word' id='word_1_105' title='bbox 2240 2629 2439 2695; x_wconf 71' lang='lat' dir='ltr'>quam</span> 
     </span>
     <span class='ocr_line' id='line_1_21' title="bbox 470 2703 2441 2805; baseline 0 -19"><span class='ocrx_word' id='word_1_106' title='bbox 470 2746 616 2786; x_wconf 84' lang='lat' dir='ltr'>cum</span> <span class='ocrx_word' id='word_1_107' title='bbox 642 2771 837 2786; x_wconf 92' lang='grc'><strong>.....</strong></span> <span class='ocrx_word' id='word_1_108' title='bbox 910 2728 997 2786; x_wconf 87' lang='lat' dir='ltr'>ad</span> <span class='ocrx_word' id='word_1_109' title='bbox 1040 2729 1318 2804; x_wconf 74' lang='lat' dir='ltr'>aqendas</span> <span class='ocrx_word' id='word_1_110' title='bbox 1365 2730 1605 2805; x_wconf 84' lang='lat' dir='ltr'>optimo</span> <span class='ocrx_word' id='word_1_111' title='bbox 1646 2729 1937 2805; x_wconf 78' lang='lat' dir='ltr'>principi</span> <span class='ocrx_word' id='word_1_112' title='bbox 1982 2703 2228 2805; x_wconf 48' lang='lat' dir='ltr'>qratias</span> <span class='ocrx_word' id='word_1_113' title='bbox 2272 2728 2441 2787; x_wconf 77' lang='lat' dir='ltr'>eoeci-</span> 
     </span>
     <span class='ocr_line' id='line_1_22' title="bbox 470 2836 2440 2921; baseline 0.001 -20"><span class='ocrx_word' id='word_1_114' title='bbox 470 2843 739 2902; x_wconf 67' lang='lat' dir='ltr'>tamur?</span> <span class='ocrx_word' id='word_1_115' title='bbox 788 2877 870 2887; x_wconf 91' lang='grc'>-</span> <span class='ocrx_word' id='word_1_116' title='bbox 917 2836 1170 2902; x_wconf 81' lang='lat' dir='ltr'>Soloecc</span> <span class='ocrx_word' id='word_1_117' title='bbox 1233 2839 1571 2902; x_wconf 81' lang='lat' dir='ltr'>coniuncta</span> <span class='ocrx_word' id='word_1_118' title='bbox 1618 2841 1773 2921; x_wconf 90' lang='lat' dir='ltr'>puto</span> <span class='ocrx_word' id='word_1_119' title='bbox 1819 2862 1954 2903; x_wconf 79' lang='lat' dir='ltr'>mos</span> <span class='ocrx_word' id='word_1_120' title='bbox 2001 2843 2067 2903; x_wconf 90' lang='lat' dir='ltr'>et</span> <span class='ocrx_word' id='word_1_121' title='bbox 2112 2862 2440 2921; x_wconf 77' lang='lat' dir='ltr'>usurpan-</span> 
     </span>
     <span class='ocr_line' id='line_1_23' title="bbox 469 2925 2436 3037; baseline 0 -22"><span class='ocrx_word' id='word_1_122' title='bbox 469 2957 589 3015; x_wconf 83' lang='lat' dir='ltr'>dus</span> <span class='ocrx_word' id='word_1_123' title='bbox 604 2977 629 3033; x_wconf 88' lang='lat'><em>;</em></span> <span class='ocrx_word' id='word_1_124' title='bbox 679 2952 863 3037; x_wconf 77' lang='lat' dir='ltr'>culpa</span> <span class='ocrx_word' id='word_1_125' title='bbox 906 2956 1123 3017; x_wconf 82' lang='lat' dir='ltr'>tamen</span> <span class='ocrx_word' id='word_1_126' title='bbox 1169 2973 1300 3016; x_wconf 93' lang='lat' dir='ltr'>non</span> <span class='ocrx_word' id='word_1_127' title='bbox 1346 2952 1416 3016; x_wconf 94' lang='lat' dir='ltr'>in</span> <span class='ocrx_word' id='word_1_128' title='bbox 1460 2950 1781 3030; x_wconf 84' lang='lat' dir='ltr'>Plinium,</span> <span class='ocrx_word' id='word_1_129' title='bbox 1831 2925 1954 3016; x_wconf 22' lang='lat' dir='ltr'>sedi</span> <span class='ocrx_word' id='word_1_130' title='bbox 1987 2953 2059 3017; x_wconf 93' lang='lat' dir='ltr'>in</span> <span class='ocrx_word' id='word_1_131' title='bbox 2103 2952 2436 3016; x_wconf 83' lang='lat' dir='ltr'>librarium</span> 
     </span>
     <span class='ocr_line' id='line_1_24' title="bbox 469 3068 2439 3154; baseline -0.001 -20"><span class='ocrx_word' id='word_1_132' title='bbox 469 3070 845 3134; x_wconf 84' lang='lat' dir='ltr'>conferenda</span> <span class='ocrx_word' id='word_1_133' title='bbox 914 3071 1184 3134; x_wconf 83' lang='lat' dir='ltr'>videtur.</span> <span class='ocrx_word' id='word_1_134' title='bbox 1280 3068 1569 3133; x_wconf 90' lang='lat' dir='ltr'>Plinium</span> <span class='ocrx_word' id='word_1_135' title='bbox 1639 3074 2061 3147; x_wconf 77' lang='lat' dir='ltr'>observandus</span> <span class='ocrx_word' id='word_1_136' title='bbox 2112 3070 2439 3154; x_wconf 80' lang='lat' dir='ltr'>scripsisse</span> 
     </span>
     <span class='ocr_line' id='line_1_25' title="bbox 473 3165 2437 3265; baseline 0.001 -17"><span class='ocrx_word' id='word_1_137' title='bbox 473 3185 672 3250; x_wconf 69' lang='lat' dir='ltr'>eredo.</span> <span class='ocrx_word' id='word_1_138' title='bbox 721 3184 814 3248; x_wconf 86' lang='lat' dir='ltr'>cf.</span> <span class='ocrx_word' id='word_1_139' title='bbox 865 3183 994 3249; x_wconf 70' lang='lat' dir='ltr'>oio.</span> <span class='ocrx_word' id='word_1_140' title='bbox 1045 3185 1125 3248; x_wconf 74' lang='lat' dir='ltr'>ad</span> <span class='ocrx_word' id='word_1_141' title='bbox 1171 3182 1312 3247; x_wconf 53' lang='grc' dir='ltr'>Λα.</span> <span class='ocrx_word' id='word_1_142' title='bbox 1361 3165 1633 3263; x_wconf 75' lang='grc' dir='ltr'>Π,’19,</span> <span class='ocrx_word' id='word_1_143' title='bbox 1685 3186 1760 3262; x_wconf 87' lang='lat'>5,</span> <span class='ocrx_word' id='word_1_144' title='bbox 1810 3183 1984 3248; x_wconf 77' lang='lat' dir='ltr'>Fam.</span> <span class='ocrx_word' id='word_1_145' title='bbox 2016 3183 2145 3262; x_wconf 87' lang='lat' dir='ltr'>VI,</span> <span class='ocrx_word' id='word_1_146' title='bbox 2196 3186 2311 3263; x_wconf 86' lang='lat'>10,</span> <span class='ocrx_word' id='word_1_147' title='bbox 2364 3189 2437 3265; x_wconf 84' lang='lat'>2,</span> 
     </span>
     <span class='ocr_line' id='line_1_26' title="bbox 467 3301 2434 3385; baseline 0 -19"><span class='ocrx_word' id='word_1_148' title='bbox 467 3302 578 3366; x_wconf 92' lang='lat' dir='ltr'>ubi</span> <span class='ocrx_word' id='word_1_149' title='bbox 621 3324 721 3366; x_wconf 83' lang='lat' dir='ltr'>vv.</span> <span class='ocrx_word' id='word_1_150' title='bbox 768 3307 1091 3366; x_wconf 78' lang='lat' dir='ltr'>observare</span> <span class='ocrx_word' id='word_1_151' title='bbox 1138 3304 1204 3365; x_wconf 87' lang='lat' dir='ltr'>et</span> <span class='ocrx_word' id='word_1_152' title='bbox 1249 3305 1446 3365; x_wconf 78' lang='lat' dir='ltr'>colere</span> <span class='ocrx_word' id='word_1_153' title='bbox 1491 3324 1620 3366; x_wconf 94' lang='lat' dir='ltr'>uno</span> <span class='ocrx_word' id='word_1_154' title='bbox 1665 3305 1886 3366; x_wconf 85' lang='lat' dir='ltr'>tenore</span> <span class='ocrx_word' id='word_1_155' title='bbox 1910 3302 2148 3385; x_wconf 78' lang='lat' dir='ltr'>scripta</span> <span class='ocrx_word' id='word_1_156' title='bbox 2169 3301 2434 3366; x_wconf 80' lang='lat' dir='ltr'>videbis,</span> 
     </span>
    </p>

    <p class='ocr_par' dir='ltr' id='par_1_9' title="bbox 461 3418 2437 3856">
     <span class='ocr_line' id='line_1_27' title="bbox 520 3418 2435 3504; baseline 0 -21"><span class='ocrx_word' id='word_1_157' title='bbox 520 3418 624 3483; x_wconf 81' lang='grc' dir='ltr'>Ὀ.</span> <span class='ocrx_word' id='word_1_158' title='bbox 677 3422 748 3483; x_wconf 83' lang='lat'>2:</span> <span class='ocrx_word' id='word_1_159' title='bbox 820 3421 919 3482; x_wconf 86' lang='lat' dir='ltr'>Ad</span> <span class='ocrx_word' id='word_1_160' title='bbox 965 3442 1121 3504; x_wconf 82' lang='lat' dir='ltr'>quas</span> <span class='ocrx_word' id='word_1_161' title='bbox 1170 3423 1277 3482; x_wconf 75' lang='lat' dir='ltr'>ille</span> <span class='ocrx_word' id='word_1_162' title='bbox 1322 3440 1494 3482; x_wconf 82' lang='lat' dir='ltr'>voces</span> <span class='ocrx_word' id='word_1_163' title='bbox 1539 3422 1826 3483; x_wconf 77' lang='lat' dir='ltr'>lacrimis</span> <span class='ocrx_word' id='word_1_164' title='bbox 1872 3423 2071 3482; x_wconf 84' lang='lat' dir='ltr'>etiam</span> <span class='ocrx_word' id='word_1_165' title='bbox 2114 3441 2189 3482; x_wconf 83' lang='lat' dir='ltr'>ac</span> <span class='ocrx_word' id='word_1_166' title='bbox 2235 3423 2435 3483; x_wconf 83' lang='lat' dir='ltr'>multo</span> 
     </span>
     <span class='ocr_line' id='line_1_28' title="bbox 461 3539 2436 3622; baseline 0.001 -23"><span class='ocrx_word' id='word_1_167' title='bbox 461 3542 709 3618; x_wconf 79' lang='lat' dir='ltr'>pudore</span> <span class='ocrx_word' id='word_1_168' title='bbox 754 3542 1179 3619; x_wconf 79' lang='lat' dir='ltr'>suffunditur.</span> <span class='ocrx_word' id='word_1_169' title='bbox 1213 3574 1291 3585; x_wconf 86' lang='lat'>-—</span> <span class='ocrx_word' id='word_1_170' title='bbox 1324 3539 1635 3620; x_wconf 79' lang='lat' dir='ltr'>Suffundi</span> <span class='ocrx_word' id='word_1_171' title='bbox 1654 3542 1901 3620; x_wconf 78' lang='lat' dir='ltr'>pudore</span> <span class='ocrx_word' id='word_1_172' title='bbox 1923 3557 2108 3601; x_wconf 89' lang='lat' dir='ltr'>nemo</span> <span class='ocrx_word' id='word_1_173' title='bbox 2137 3559 2436 3622; x_wconf 85' lang='lat' dir='ltr'>umquam</span> 
     </span>
     <span class='ocr_line' id='line_1_29' title="bbox 467 3654 2437 3739; baseline 0 -23"><span class='ocrx_word' id='word_1_174' title='bbox 467 3654 632 3718; x_wconf 85' lang='lat' dir='ltr'>dixit</span> <span class='ocrx_word' id='word_1_175' title='bbox 651 3703 666 3732; x_wconf 92' lang='lat'>,</span> <span class='ocrx_word' id='word_1_176' title='bbox 736 3655 960 3739; x_wconf 90' lang='lat' dir='ltr'>opinor</span> <span class='ocrx_word' id='word_1_177' title='bbox 983 3703 998 3733; x_wconf 90' lang='lat'><strong>‚</strong></span> <span class='ocrx_word' id='word_1_178' title='bbox 1069 3655 1171 3719; x_wconf 86' lang='lat' dir='ltr'>vel</span> <span class='ocrx_word' id='word_1_179' title='bbox 1239 3656 1533 3739; x_wconf 82' lang='lat' dir='ltr'>scripsit3</span> <span class='ocrx_word' id='word_1_180' title='bbox 1604 3658 1824 3720; x_wconf 83' lang='lat' dir='ltr'>contra</span> <span class='ocrx_word' id='word_1_181' title='bbox 1869 3659 2095 3719; x_wconf 76' lang='lat' dir='ltr'>rubore</span> <span class='ocrx_word' id='word_1_182' title='bbox 2141 3659 2437 3736; x_wconf 77' lang='lat' dir='ltr'>suffundi</span> 
     </span>
     <span class='ocr_line' id='line_1_30' title="bbox 466 3769 2436 3856; baseline 0.001 -24"><span class='ocrx_word' id='word_1_183' title='bbox 466 3771 595 3833; x_wconf 87' lang='lat' dir='ltr'>fere</span> <span class='ocrx_word' id='word_1_184' title='bbox 664 3791 977 3856; x_wconf 85' lang='lat' dir='ltr'>nusquam</span> <span class='ocrx_word' id='word_1_185' title='bbox 1045 3793 1176 3835; x_wconf 94' lang='lat' dir='ltr'>non</span> <span class='ocrx_word' id='word_1_186' title='bbox 1242 3772 1501 3837; x_wconf 85' lang='lat' dir='ltr'>obvium</span> <span class='ocrx_word' id='word_1_187' title='bbox 1562 3774 1678 3849; x_wconf 85' lang='lat' dir='ltr'>est.</span> <span class='ocrx_word' id='word_1_188' title='bbox 1772 3769 1869 3834; x_wconf 87' lang='lat' dir='ltr'>De</span> <span class='ocrx_word' id='word_1_189' title='bbox 1916 3770 2436 3835; x_wconf 74' lang='lat' dir='ltr'>erubescentibus</span> 
     </span>
    </p>
   </div>
   <div class='ocr_carea' id='block_1_9' title="bbox 466 3884 2435 4085">
    <p class='ocr_par' dir='ltr' id='par_1_10' title="bbox 466 3884 2435 4085">
     <span class='ocr_line' id='line_1_31' title="bbox 467 3884 2435 3963; baseline 0 -16"><span class='ocrx_word' id='word_1_190' title='bbox 467 3887 638 3950; x_wconf 88' lang='lat' dir='ltr'>enim</span> <span class='ocrx_word' id='word_1_191' title='bbox 706 3887 941 3952; x_wconf 87' lang='lat' dir='ltr'>dicitur</span> <span class='ocrx_word' id='word_1_192' title='bbox 1002 3887 1103 3952; x_wconf 85' lang='lat' dir='ltr'>vel</span> <span class='ocrx_word' id='word_1_193' title='bbox 1150 3887 1443 3952; x_wconf 88' lang='lat' dir='ltr'>ruborem</span> <span class='ocrx_word' id='word_1_194' title='bbox 1489 3886 1570 3949; x_wconf 91' lang='lat' dir='ltr'>iis</span> <span class='ocrx_word' id='word_1_195' title='bbox 1618 3884 1933 3963; x_wconf 86' lang='lat' dir='ltr'>suffundi,</span> <span class='ocrx_word' id='word_1_196' title='bbox 2003 3885 2104 3949; x_wconf 85' lang='lat' dir='ltr'>vel</span> <span class='ocrx_word' id='word_1_197' title='bbox 2151 3905 2255 3949; x_wconf 89' lang='lat' dir='ltr'>eos</span> <span class='ocrx_word' id='word_1_198' title='bbox 2303 3884 2435 3948; x_wconf 89' lang='lat' dir='ltr'>suf-</span> 
     </span>
     <span class='ocr_line' id='line_1_32' title="bbox 466 3993 2432 4085; baseline 0 -23"><span class='ocrx_word' id='word_1_199' title='bbox 466 3996 648 4063; x_wconf 85' lang='lat' dir='ltr'>fundi</span> <span class='ocrx_word' id='word_1_200' title='bbox 722 4001 964 4065; x_wconf 88' lang='lat' dir='ltr'>rubore.</span> <span class='ocrx_word' id='word_1_201' title='bbox 1054 3999 1223 4064; x_wconf 86' lang='lat' dir='ltr'>Illud</span> <span class='ocrx_word' id='word_1_202' title='bbox 1293 4001 1532 4085; x_wconf 85' lang='lat' dir='ltr'>legitur</span> <span class='ocrx_word' id='word_1_203' title='bbox 1600 3998 1767 4082; x_wconf 85' lang='lat' dir='ltr'>apud</span> <span class='ocrx_word' id='word_1_204' title='bbox 1837 3997 1977 4064; x_wconf 84' lang='lat' dir='ltr'>Liv.</span> <span class='ocrx_word' id='word_1_205' title='bbox 2049 3993 2259 4077; x_wconf 89' lang='lat' dir='ltr'><strong>XXX,</strong></span> <span class='ocrx_word' id='word_1_206' title='bbox 2312 4001 2390 4063; x_wconf 88' lang='lat'>15</span> <span class='ocrx_word' id='word_1_207' title='bbox 2417 4047 2432 4076; x_wconf 92' lang='lat'>‚</span> 
     </span>
    </p>
   </div>
   <div class='ocr_carea' id='block_1_10' title="bbox 467 4115 2437 4435">
    <p class='ocr_par' dir='ltr' id='par_1_11' title="bbox 467 4115 2437 4435">
     <span class='ocr_line' id='line_1_33' title="bbox 467 4115 2437 4202; baseline -0.001 -21"><span class='ocrx_word' id='word_1_208' title='bbox 467 4117 584 4181; x_wconf 90' lang='lat' dir='ltr'>hoc</span> <span class='ocrx_word' id='word_1_209' title='bbox 628 4119 794 4202; x_wconf 81' lang='lat' dir='ltr'>apud</span> <span class='ocrx_word' id='word_1_210' title='bbox 840 4118 1024 4184; x_wconf 86' lang='lat' dir='ltr'>Ovid.</span> <span class='ocrx_word' id='word_1_211' title='bbox 1075 4119 1230 4183; x_wconf 90' lang='lat' dir='ltr'>Met.</span> <span class='ocrx_word' id='word_1_212' title='bbox 1280 4117 1341 4196; x_wconf 92' lang='grc' dir='ltr'>Ι,</span> <span class='ocrx_word' id='word_1_213' title='bbox 1391 4121 1556 4195; x_wconf 86' lang='grc'>483,</span> <span class='ocrx_word' id='word_1_214' title='bbox 1605 4115 1823 4180; x_wconf 89' lang='lat' dir='ltr'>Amor.</span> <span class='ocrx_word' id='word_1_215' title='bbox 1872 4115 2119 4195; x_wconf 68' lang='lat'>1113,</span> <span class='ocrx_word' id='word_1_216' title='bbox 2169 4118 2207 4180; x_wconf 88' lang='grc'><strong>5</strong></span> <span class='ocrx_word' id='word_1_217' title='bbox 2255 4119 2321 4180; x_wconf 87' lang='lat' dir='ltr'>et</span> <span class='ocrx_word' id='word_1_218' title='bbox 2366 4117 2437 4181; x_wconf 90' lang='lat' dir='ltr'>in</span> 
     </span>
     <span class='ocr_line' id='line_1_34' title="bbox 469 4229 2435 4322; baseline 0.002 -28"><span class='ocrx_word' id='word_1_219' title='bbox 469 4232 604 4315; x_wconf 91' lang='lat' dir='ltr'>ipso</span> <span class='ocrx_word' id='word_1_220' title='bbox 667 4230 979 4317; x_wconf 74' lang='lat' dir='ltr'>Panegyr.</span> <span class='ocrx_word' id='word_1_221' title='bbox 1050 4257 1101 4300; x_wconf 93' lang='lat' dir='ltr'>c.</span> <span class='ocrx_word' id='word_1_222' title='bbox 1178 4236 1282 4298; x_wconf 87' lang='lat'>48.</span> <span class='ocrx_word' id='word_1_223' title='bbox 1390 4233 1517 4322; x_wconf 41' lang='lat' dir='ltr'>Ete·</span> <span class='ocrx_word' id='word_1_224' title='bbox 1546 4233 1663 4300; x_wconf 89' lang='lat' dir='ltr'>hoc</span> <span class='ocrx_word' id='word_1_225' title='bbox 1739 4232 1942 4317; x_wconf 83' lang='lat' dir='ltr'>igitur</span> <span class='ocrx_word' id='word_1_226' title='bbox 2010 4231 2143 4296; x_wconf 93' lang='lat' dir='ltr'>loco</span> <span class='ocrx_word' id='word_1_227' title='bbox 2209 4229 2435 4297; x_wconf 51' lang='lat' dir='ltr'>rubore</span> 
     </span>
     <span class='ocr_line' id='line_1_35' title="bbox 469 4350 1097 4435; baseline 0.005 -22"><span class='ocrx_word' id='word_1_228' title='bbox 469 4350 910 4435; x_wconf 82' lang='lat' dir='ltr'>corrigendum</span> <span class='ocrx_word' id='word_1_229' title='bbox 956 4353 1097 4416; x_wconf 87' lang='lat' dir='ltr'>erit.</span> 
     </span>
    </p>
   </div>
  </div>
 </body>
</html>
