3142 5167
900 1432 980 1532 L.
1066 1432 1578 1535 ANNAEUs
1641 1432 2054 1555 SENECA.

806 1903 1196 1988 mAmGoRum
1231 1904 1395 1968 usstn
1427 1904 1475 1977 Ι,
1514 1905 1564 1966 8.
1604 1903 1682 1966 ΠΕ
1715 1902 2129 1966 Pnovmfflm.
2145 1900 2183 1964 1)

593 2137 659 2203 G.
735 2144 809 2218 4,
886 2140 1003 2208 15:
1075 2144 1270 2205 Nulla
1359 2138 1724 2224 Germanis]
1792 2141 2146 2217 domicilia,
2176 2171 2183 2177 ·
2213 2141 2460 2203 nullae-

497 2277 617 2342 que
675 2258 847 2319 sedes
891 2265 1045 2320 sunt
1068 2269 1135 2338 2'·
1151 2261 1283 2319 nisi
1364 2225 1377 2240 ⁶
1413 2277 1485 2319 as
1531 2257 1839 2319 lassitudo
1885 2259 1956 2317 in
2001 2258 2175 2322 diem
2199 2251 2458 2337 posuit‚'

497 2371 642 2432 vilis
728 2377 787 2433 et
866 2374 968 2432 hic
1038 2373 1439 2461 quaerendus
1522 2373 1731 2433 mdnu
1813 2373 2017 2432 victus
2041 2415 2057 2446 ‚
2139 2372 2461 2432 horrenda

499 2490 809 2568 iniquitas
858 2489 1043 2564 coeli,
1082 2491 1320 2551 intecta
1366 2506 1649 2568 corpora.
1682 2522 1762 2531 —
1788 2481 1912 2584 Pro
1934 2490 2036 2548 hic
2058 2490 2460 2575 quaerendus

496 2601 740 2688 corrige
804 2606 1249 2685 acquirendus.
1342 2597 1740 2684 Acquirendi
1788 2583 2050 2664 verbum
2094 2599 2460 2684 saepissime

495 2713 664 2779 valet
705 2715 906 2780 multo
949 2714 1161 2779 labore
1206 2712 1448 2798 aliquid
1489 2735 1728 2798 parare.
1780 2711 1874 2778 Of.
1923 2713 2067 2779 Tac.
2116 2710 2288 2778 Ann.
2335 2716 2417 2778 12
2442 2760 2459 2794 ,

499 2831 612 2907 21;
663 2831 778 2909 15,
830 2831 949 2907 37;
1000 2832 1118 2909 16,
1172 2831 1292 2905 17;
1333 2828 1632 2910 Risui,
1686 2830 1787 2894 17.

584 2941 650 3007 G.
704 2945 764 3022 6,
813 2944 889 3006 9:
936 2948 1153 3025 ipsum
1197 2946 1360 3007 illud
1404 2947 1567 3024 quod
1614 2953 1876 3009 vocatur
1903 2949 2089 3008 mori.
2111 2992 2127 3007 .
2149 2991 2163 3007 .
2212 2948 2461 3010 brevius

497 3068 589 3122 est
613 3106 629 3138 ,
696 3080 896 3141 quam
961 3067 1037 3123 ut
1101 3063 1331 3121 sentiri
1403 3068 1593 3123 tanta
1662 3063 1954 3124 velocitas
2016 3065 2263 3143 possit:
2332 3067 2461 3126 sive

495 3180 715 3256 fauces
780 3178 987 3240 nodus
1032 3178 1221 3239 -elisit
1245 3222 1260 3253 ‚
1329 3181 1458 3240 sive
1503 3182 1976 3259 spiramentum
2036 3199 2208 3260 aqua
2267 3200 2460 3260 prae-

425 3280 428 3288 ’
496 3295 683 3356 clusit
706 3339 722 3371 ,
792 3297 922 3356 sive
966 3297 1038 3356 in
1084 3301 1278 3376 caput
1321 3295 1528 3377 lapsos
1600 3299 1980 3359 subiacentis
2050 3297 2166 3358 soli
2210 3298 2462 3360 duritia

500 3414 900 3487 comminuit,
947 3414 1076 3473 sive
1105 3415 1376 3475 haustus
1402 3416 1568 3494 ignis
1593 3434 1857 3477 cursum
1881 3417 2144 3475 animae
2166 3434 2460 3477 remean-

499 3532 580 3590 tis
634 3531 996 3591 interscidit
1039 3536 1178 3591 cett.
1232 3565 1312 3574 —
1359 3524 1694 3613 Nusquam
1739 3527 1951 3613 legere
1995 3548 2098 3591 me
2150 3528 2415 3591 memini
2441 3565 2488 3607 ,-

496 3642 771 3732 aliquem
836 3643 1007 3727 ignis
1052 3643 1284 3707 haustu
1349 3646 1619 3709 mortem
1663 3643 1787 3708 sibi
1847 3641 2243 3707 conscivisse.
2338 3640 2459 3706 Sed

382 3787 385 3788 ⁷
496 3761 650 3824 satis
697 3780 1003 3844 superque
1046 3762 1271 3823 notum
1315 3763 1432 3838 est,
1480 3760 1859 3845 sanguinem
1901 3762 2242 3837 taurorum,
2288 3758 2457 3842 quia,

497 3878 570 3938 uf,
612 3872 862 3939 Plinius
906 3872 1014 3962 (H.
1034 3870 1144 3940 ·-N.
1186 3875 1312 3951 .11‚
1360 3874 1472 3960 90)
1517 3876 1630 3952 ast,
1678 3873 2004 3939 celerrime
2049 3875 2225 3937 coeat
2269 3875 2458 3956 atque

500 3992 789 4056 durescat
813 4038 828 4068 ‚
914 3985 1287 4074 pestiferum
1362 3993 1517 4075 potu
1585 3990 1874 4055 habitum
1940 4011 2075 4053 esse
2098 4036 2114 4066 ‚
2198 3988 2455 4072 eiusque

499 4108 728 4172 haustu
772 4110 838 4172 et
881 4105 1380 4171 Psammenitum
1421 4106 1677 4195 (Herod.
1734 4104 1853 4185 ΠΙ,
1905 4105 2014 4191 15)
2059 4112 2125 4172 et
2168 4109 2455 4177 Themis-

564 4343 578 4365 ¹
636 4344 694 4394 L.
731 4342 916 4393 Annaei
955 4342 1158 4391 Senecae
1193 4356 1336 4409 opera
1370 4342 1448 4393 ed.
1484 4342 1544 4394 F.
1586 4341 1762 4404 Haase,
1799 4344 1992 4412 Lipsiae
2026 4345 2175 4396 1852.
