3142 5167
1649 512 1732 573 62

711 722 917 777 totum
985 718 1344 777 triennium
1412 719 1534 779 huc
1580 725 1773 803 atque
1818 719 1970 780 illuc
2013 721 2420 798 discurrens;
2489 722 2671 781 modo

710 837 883 914 ayris
950 836 1132 895 modo
1200 837 1324 895 otio
1393 838 1578 897 modo
1647 838 1812 916 fictis
1875 838 2286 917 lanquoribus
2333 845 2671 918 occupatus

709 958 818 1013 est.
867 985 954 996 -—
1000 947 1223 1013 Malim
1269 953 1612 1030 laboribus,
1661 973 1811 1015 nam
1854 951 2266 1037 languoribus
2300 955 2672 1038 occupatum

710 1083 844 1127 esse
911 1063 1243 1128 absurdius
1313 1064 1558 1130 dictum
1625 1066 1878 1131 videtur
1893 1115 1908 1146 ,
1979 1089 2168 1152 quam
2236 1071 2309 1132 ut
2360 1067 2462 1133 vel
2507 1066 2670 1131 Iulio

709 1179 1067 1264 Capitolino
1114 1182 1583 1265 imputaverim.

799 1296 866 1362 C.
944 1300 1025 1363 13
1045 1346 1060 1375 ,
1130 1299 1204 1361 5:
1299 1302 1421 1363 Sed
1489 1322 1640 1363 cum
1701 1303 1980 1364 Romani
2043 1306 2178 1364 eius
2225 1303 2670 1364 crudelitatem

707 1417 881 1493 ferre
924 1434 1056 1476 non
1094 1421 1350 1495 possent
1371 1461 1386 1492 ,
1455 1419 1622 1500 quod
1647 1463 1662 1477 .
1696 1463 1709 1478 .
1741 1465 1754 1478 .
1785 1464 1800 1478 .
1859 1421 1997 1480 sine
2040 1419 2263 1480 delicto
2308 1419 2668 1480 consulares

707 1534 875 1592 viros
921 1537 981 1590 et
1025 1532 1213 1591 duces
1259 1531 1492 1591 multos
1539 1533 1963 1608 interimeret,
2011 1535 2169 1595 alios
2215 1537 2390 1596 siccis
2446 1533 2669 1594 vehelis

707 1649 1050 1724 exhiberet,
1097 1649 1254 1708 alios
1300 1650 1372 1708 in
1418 1649 1707 1709 custodia
1751 1651 2063 1711 detineret
2081 1696 2094 1710 .
2117 1696 2131 1709 .
2158 1697 2173 1711 .
2195 1696 2209 1711 .
2259 1654 2482 1711 contra
2520 1666 2667 1710 eum

705 1766 1123 1842 defectionem
1183 1773 1531 1845 pararunt.
1584 1801 1671 1811 —
1716 1760 1867 1828 Non
1911 1763 2218 1847 intellego
2264 1784 2446 1828 voces
2492 1766 2667 1826 siccis

706 1884 953 1945 vehelis.
1046 1878 1343 1965 Suspicor
1385 1880 1728 1966 legendum
1774 1903 1910 1947 esse
1953 1888 2097 1946 sicis
2143 1884 2239 1945 vel
2284 1884 2424 1944 telis
2470 1882 2536 1943 et
2576 1878 2668 1950 ita

704 1997 914 2063 locum
977 1998 1393 2082 interpretor,
1466 1998 1892 2063 Maximinum
1958 2000 2113 2063 alios
2182 1998 2541 2064 consulares
2604 1996 2669 2058 et

707 2113 895 2178 duces
943 2115 1013 2177 in
1061 2114 1345 2179 custodia
1392 2113 1777 2192 detinuisse,
1825 2114 1981 2178 alios
2028 2115 2318 2179 ludorum
2366 2134 2551 2177 causa
2598 2111 2667 2173 in

706 2253 961 2297 arenam
1024 2232 1394 2317 produxisse
1410 2280 1423 2307 ,
1487 2231 1601 2295 ubi
1646 2232 1931 2296 cominus
1979 2232 2307 2296 eminusve
2353 2230 2668 2294 interfice-

705 2352 944 2413 rentur.
1039 2348 1132 2412 Of.
1202 2346 1376 2413 Suet.
1447 2345 1620 2412 Nero
1692 2350 1809 2411 12:
1904 2352 2212 2412 Eoehibuit
2279 2352 2364 2411 ad
2413 2352 2666 2428 ferrum

705 2468 1200 2549 quadrinqentos
1246 2471 1566 2527 senatores
1585 2510 1600 2541 ,
1649 2471 2093 2550 sexcentosque
2139 2469 2395 2552 equites.

795 2579 859 2644 G.
931 2580 1049 2658 27,
1127 2584 1200 2643 2:
1276 2585 1485 2662 perit,
1558 2586 1631 2643 in
1700 2585 1835 2662 ipso
1904 2586 2060 2662 flore
2133 2586 2522 2645 inventutis,
2552 2627 2566 2642 .
2598 2628 2612 2642 .
2647 2626 2662 2640 .

702 2702 934 2763 litteris
1002 2707 1063 2761 et
1135 2700 1390 2761 Graecis
1459 2706 1520 2761 et
1589 2701 1845 2761 Latinis
1914 2700 2194 2761 imbutus
2249 2702 2337 2761 ad
2373 2702 2663 2779 primam

702 2819 1134 2900 disciplinam.
1205 2838 1364 2878 nam
1428 2838 1584 2878 usus
1645 2825 1737 2879 est
1781 2805 2086 2896 maqistaeo'
2138 2817 2373 2879 Graeco
2418 2819 2663 2878 littera-

701 2943 834 2997 tore
879 2937 1119 2997 Fabillo
1164 2941 1302 2997 cett.
1334 2971 1421 2982 —
1454 2931 1656 2997 Locus
1702 2933 1931 2997 leviter
1974 2932 2266 2997 turbatus
2312 2933 2382 2995 in
2414 2934 2663 3016 integro

700 3051 1064 3115 restituitur
1081 3099 1096 3128 ,
1167 3071 1313 3113 cum
1360 3050 1722 3134 scripseris:
1755 3081 1760 3087 ·
1793 3055 1961 3131 perit
1980 3098 1994 3127 ,
2066 3054 2137 3112 in
2183 3054 2317 3130 ipso
2362 3054 2516 3130 flore
2562 3053 2662 3110 in-

700 3171 978 3229 ventutis
1004 3214 1018 3228 .
1047 3214 1062 3228 .
1092 3214 1106 3228 .
1177 3168 1408 3228 litteris
1477 3174 1537 3227 et
1610 3167 1868 3228 Graecis
1939 3174 1999 3227 et
2059 3167 2313 3227 Latinis
2359 3167 2658 3227 imbutus.

698 3283 797 3343 Ad
835 3284 1128 3361 primam
1173 3283 1577 3361 disciplinam
1621 3303 1777 3344 usus
1823 3290 1914 3343 est
1959 3285 2265 3361 maqistro
2311 3283 2458 3344 cett.
2503 3279 2656 3344 Voc.

696 3418 890 3473 nam,
959 3417 1071 3479 per
1137 3394 1635 3480 dittographiam
1682 3417 1759 3459 ex
1806 3396 2035 3459 ultima
2082 3395 2323 3479 syllaba
2368 3420 2426 3461 v.
2476 3401 2661 3460 disci-

692 3516 949 3595 plinam
996 3513 1205 3575 ortum
1224 3559 1240 3590 ,
1290 3512 1709 3596 corruptionis
1757 3533 1945 3576 causa
1990 3514 2105 3577 est.

1480 3750 1870 3759 Q

1164 3911 1290 3974 nutu
1329 3905 1668 3975 ΟΑΡΙΤΟΗΝΙ
1708 3912 1990 3975 (ΞΟΒΒΙΑΝΙ
2027 3913 2192 3975 TRES.
2569 3947 2602 3996 9

787 4099 855 4163 O.
921 4098 1004 4162 25
1023 4146 1038 4177 ,
1105 4101 1176 4161 1:
1272 4099 1415 4159 Nisi
1480 4099 1548 4158 di
1595 4101 2055 4178 omnipotentes
2100 4091 2473 4190 Romanum
2519 4110 2658 4163 tue-

697 4226 929 4282 rentur
988 4219 1337 4296 imperium
1355 4260 1370 4291 ,
1440 4218 1641 4276 etiam
1684 4236 1859 4278 nunc
1899 4238 2017 4297 per
2063 4226 2301 4299 emptos
2348 4223 2656 4300 spadones

696 4340 868 4402 velut
936 4340 1007 4399 in
1052 4338 1240 4397 hasta
1283 4337 1475 4415 positi
1504 4336 1957 4397 venderemur.
2009 4370 2094 4382 —-
2143 4332 2513 4419 Legendum
2558 4339 2656 4401 est
