3142 5167
1072 1349 1660 1449 PETRONIUS
1744 1352 2234 1448 ARBITER.

761 1927 946 1993 Satir.
1021 1926 1088 1991 C.
1162 1930 1201 1991 2
1247 1927 1340 2013 *):
1403 1949 1562 2010 pace
1608 1935 1817 1991 vestra
1862 1932 2048 1992 liceat
2092 1932 2364 2004 dimisse,
2431 1929 2635 2007 primi

673 2050 966 2109 omnium
1032 2047 1458 2126 eloquentiam
1501 2048 1895 2125 perdidistis,
1945 2048 2181 2108 levibus
2227 2047 2402 2106 enim
2448 2050 2636 2122 atque

673 2166 974 2226 inanibus
1020 2167 1188 2224 sonis
1233 2165 1515 2226 ludibria
1561 2166 1880 2243 quaedam
1925 2166 2263 2226 excitando
2310 2163 2634 2241 effecistis,

671 2288 747 2341 ut
809 2299 1034 2358 corpus
1080 2282 1391 2340 orationis
1436 2287 1855 2342 enervaretur
1901 2288 1961 2341 et
2008 2283 2277 2341 caderet.
2331 2311 2413 2326 ——-
2460 2272 2634 2337 Ulti-

669 2415 846 2456 mum
891 2390 1264 2456 voeabulum
1309 2392 1481 2456 ocius
1530 2392 1867 2456 delendum
1896 2414 2136 2458 censeo.
2195 2392 2403 2458 Multo
2428 2390 2632 2474 magis

669 2511 878 2595 placet
937 2520 1148 2573 areret
1166 2558 1180 2587 ,
1244 2510 1410 2593 quod
1454 2509 1724 2578 Heinsio
1769 2511 2050 2575 debetur.
2145 2510 2370 2574 Malim
2415 2511 2636 2573 tamen·

668 2629 904 2689 taberet
950 2624 989 2687 i.
1040 2647 1092 2688 e.
1143 2623 1439 2688 deficeret
1461 2673 1475 2702 ‚
1524 2630 2001 2690 consumeretur
2048 2626 2187 2690 eoll.
2240 2623 2421 2689 Ovid.
2473 2623 2626 2688 Met.

672 2741 708 2804 7
729 2789 743 2818 ‚
816 2741 942 2804 540
966 2761 1015 2802 :-
1075 2742 1311 2822 Sponte
1378 2764 1498 2804 sua
1565 2745 1877 2824 lanaeque
1943 2747 2184 2805 cadunt
2250 2750 2309 2805 et
2369 2762 2631 2823 corpora

667 2859 880 2919 tabent
895 2879 921 2935 ,·
968 2854 1156 2919 Luer:
1205 2860 1280 2933 4,
1334 2857 1523 2920 1254.

753 2970 821 3035 C.
898 2974 1018 3035 21:
1088 2975 1255 3035 Iussi
1320 2995 1463 3055 erqo
1509 2977 1946 3037 discubuimus
1992 2983 2053 3036 et
2105 2977 2465 3054 qustatione
2509 2977 2630 3035 mi·
2735 3064 2741 3072 η

569 3175 575 3179 -
665 3094 849 3172 rifiea
918 3094 1169 3153 initiati
1237 3095 1387 3153 vino¹
1457 3096 1655 3153 etiam
1724 3093 1996 3171 Falerno
2058 3094 2483 3153 inundamur.
2542 3127 2629 3137 ——

665 3206 1127 3292 Corrigendum
1197 3210 1295 3271 est
1363 3213 1667 3286 invitati;
1742 3207 2042 3271 convivae
2112 3208 2285 3269 enim
2352 3207 2630 3290 primum

665 3326 1031 3410 gustatione
1100 3323 1181 3386 ad
1244 3323 1594 3388 bibendum
1655 3323 1951 3400 excitati,
2015 3322 2241 3387 deinde
2286 3322 2629 3386 Falernum

665 3440 906 3525 largius
968 3439 1336 3502 hauserunt.
1431 3438 1525 3502 Of.
1576 3438 1739 3503 Plat.
1833 3438 1997 3503 Rud.
2052 3442 2089 3501 2
2109 3487 2123 3516 ,
2173 3443 2212 3503 3
2233 3487 2247 3516 ,
2297 3441 2417 3503 31:
2459 3444 2631 3521 perit

658 3561 944 3641 potando
990 3560 1231 3637 opinor.
1321 3559 1660 3638 Neptunus
1705 3529 1963 3637 rnaqnis
2008 3558 2247 3636 poculis
2291 3558 2410 3617 hac
2453 3561 2630 3629 nocte

665 3699 813 3742 eum
882 3682 1154 3758 invitat,
1226 3677 1266 3740 i.
1317 3698 1368 3740 e.
1442 3675 1521 3738 ad
1586 3672 1933 3738 bibendum
1979 3674 2295 3757 provocat.
2391 3669 2623 3754 Amph.

669 3795 699 3856 1
725 3840 740 3870 ‚
815 3794 845 3855 1
872 3839 887 3870 ‚
962 3796 1123 3857 126:
1240 3795 1433 3856 Credo
1511 3792 1726 3871 edepol
1794 3794 2077 3852 dormire
2143 3792 2369 3865 solem,
2440 3794 2630 3871 atque

663 3920 973 3992 appotum
1041 3914 1244 3992 probe.
1342 3912 1511 3973 Mira
1581 3916 1765 3983 sunt,
1835 3911 1967 3969 nisi
2034 3910 2360 3969 invitavit·
2381 3926 2509 3967 sese
2556 3907 2628 3965 in

618 4030 622 4035 ’
663 4050 855 4092 coena
880 4001 885 4006 .
895 4032 1264 4111 plusculum
1283 4077 1301 4106 ,
1350 4027 1392 4090 i.
1443 4047 1495 4089 e.
1546 4024 1626 4088 ad
1669 4023 2016 4088 bibendum
2061 4044 2127 4086 se
2174 4021 2497 4086 excitavit.

727 4301 777 4367 ²¹³)
810 4302 1029 4354 Petronii
1062 4301 1252 4353 Arbitri
1271 4299 1543 4352 Satirarum
1565 4299 1819 4364 reliquiae,
1854 4315 1911 4348 ex
1933 4297 2210 4349 recensione
2228 4296 2287 4346 F.
2309 4295 2593 4346 Buecheleri
2609 4333 2625 4355 ‚
2745 4365 2748 4370 Ι

659 4396 876 4448 Berolini
911 4400 1060 4449 1862.
