3142 5167
1608 428 1687 492 70

756 630 819 695 O.
872 634 986 710 13,
1039 635 1094 695 1.
1190 634 1274 695 Et
1318 655 1466 696 cum
1512 644 1964 720 quaereretur,
2013 642 2156 725 quis
2202 643 2438 703 vindeae
2486 642 2627 702 Nu-

665 754 946 813 meriani
1006 753 1395 813 iustissimus
1456 754 1635 832 fieret
1654 798 1670 829 ,
1697 800 1711 813 .
1742 800 1758 813 .
1787 800 1801 815 .
1834 800 1847 815 .
1898 755 2367 818 Diocletianum
2413 776 2629 818 omnes

666 919 681 933 .
709 918 724 932 .
753 917 768 931 .
798 917 812 931 .
862 871 1224 950 Auqustum
1269 872 1755 950 appellaverunt
1774 917 1789 948 ,
1837 874 2052 933 virum
2099 876 2418 954 insiynem
2436 919 2451 950 ‚
2498 875 2627 936 cal-

663 991 871 1050 lidum
892 1035 907 1064 ‚
977 996 1307 1051 amantem
1374 992 1469 1051 rei
1529 1010 1595 1069 p.
1616 1037 1633 1067 ,
1705 997 2038 1053 amantem
2107 1011 2373 1053 suorum
2434 998 2494 1053 et
2537 993 2625 1052 ad

663 1111 884 1169 omnia
928 1126 1089 1190 quae
1134 1114 1385 1187 tempus
1430 1112 1792 1192 quaesierat
1838 1112 2061 1171 statim
2091 1115 2432 1189 paratum,
2479 1127 2624 1169 oon-

663 1227 794 1288 silii
839 1247 1086 1306 semper
1128 1227 1248 1287 alti
1265 1271 1281 1303 ‚
1342 1246 1835 1310 nonnumquam
1880 1235 2101 1289 tamen
2146 1229 2434 1307 effrontis
2453 1272 2468 1301 ‚
2514 1227 2622 1287 sed

657 1346 1009 1424 prudentia
1056 1350 1115 1405 et
1159 1347 1370 1405 nimia
1409 1347 1769 1423 pervicacia
1808 1355 2019 1406 motus
2055 1347 2326 1427 inquieti
2349 1345 2619 1424 pectoris

661 1464 1154 1540 comprimentis.
1206 1495 1292 1506 —-
1339 1455 1570 1521 Virum
1639 1457 1890 1521 consilii
1952 1481 2201 1540 semper
2247 1462 2399 1529 alti,
2460 1478 2618 1520 non-

660 1596 1016 1655 numquam
1072 1583 1292 1635 tamen
1365 1577 1655 1654 effrontis
1724 1595 1868 1637 eum
1938 1595 2073 1637 esse
2142 1574 2400 1652 volunt,
2471 1573 2614 1657 qui,

660 1712 855 1775 quum
916 1711 1162 1773 semper
1222 1688 1483 1752 effecius
1553 1710 1697 1754 suos
1757 1689 1921 1754 celet
1967 1691 2033 1753 et
2078 1689 2468 1767 dissimulet,
2515 1689 2615 1751 in-

657 1806 906 1871 terdum
975 1791 1192 1870 tamen
1247 1805 1582 1869 temerarie
1628 1806 1767 1890 agii
1814 1809 1879 1869 et
1926 1806 2377 1890 imprudenizer.
2471 1803 2616 1868 Eisi

659 1945 788 1988 non
832 1921 1465 2007 praetermittendum
1510 1923 1633 1998 esi,
1682 1921 1737 1983 si
1783 1922 1937 1985 haec
1974 1921 2414 2005 interpretassio
2444 1921 2613 1984 recte

659 2062 724 2102 se
784 2038 1075 2116 haberem
1146 2037 1336 2101 verba
1351 2086 1368 2115 ‚
1439 2059 1599 2120 quae
1666 2037 1962 2122 deinceps
2008 2039 2391 2121 sequuntur,
2460 2037 2613 2101 saizis

657 2155 856 2219 otiosa
924 2176 1057 2218 esse
1125 2157 1191 2217 et
1258 2176 1642 2236 supervacua
1664 2202 1679 2231 ‚
1745 2175 1875 2218 non
1943 2157 2158 2219 tamen
2222 2155 2415 2219 nimis
2474 2176 2610 2217 eam

657 2274 995 2356 impugno,
1041 2274 1351 2354 quatenus
1397 2269 1476 2332 ad
1521 2292 1579 2333 v.
1632 2274 1876 2333 consilii
1921 2274 2038 2334 alti
2082 2272 2382 2354 perfiinet.
2459 2268 2606 2354 Gap.

656 2390 828 2453 enim
876 2389 957 2452 15
979 2437 993 2466 ,
1068 2390 1090 2448 l
1126 2435 1140 2464 ‚
1187 2387 1263 2450 de
1308 2381 1705 2449 Diocleiziano
1752 2387 2060 2469 scriptum
2110 2390 2239 2451 est:
2310 2391 2608 2471 denique,

654 2513 729 2566 ut
775 2513 914 2566 erat
959 2506 1161 2580 altus,
1210 2507 1357 2565 risit
1402 2511 1462 2564 et
1507 2506 1728 2564 tacuit.
1780 2501 2043 2567 Locutio
2093 2505 2230 2587 ipsa
2260 2506 2474 2568 autem
2502 2502 2609 2566 de-

652 2619 827 2683 fendi
846 2640 1024 2702 posse
1047 2616 1308 2695 videbis,
1328 2638 1523 2701 quum
1540 2615 1833 2681 Gurssium
1857 2619 2228 2702 inspexeriS‚
2248 2621 2359 2704 qui
2381 2617 2495 2696 VI,
2525 2620 2555 2681 1
2570 2620 2601 2680 1

653 2736 936 2819 scripsit:
985 2738 1210 2799 altiore
1232 2737 1487 2798 consilio
1513 2737 1762 2822 aliquid
1792 2742 2129 2818 concipere.
2179 2733 2301 2800 Sed
2323 2733 2606 2799 haerebis
2696 2730 2703 2735 “

652 2856 721 2918 in
768 2875 919 2918 voce
964 2857 1280 2935 effrontis,
1328 2851 1491 2935 quod
1535 2855 1786 2936 praeiet
1831 2854 1947 2917 hoc
1992 2853 2125 2917 loco
2168 2853 2335 2936 apud
2359 2851 2604 2917 nullum

650 2992 1026 3059 quemquam
1072 2969 1442 3052 scriptorem
1478 2968 1718 3052 legiisur
1748 2971 1812 3031 et
1840 2970 1944 3033 cui
1968 2972 2205 3032 temere
2235 2969 2365 3032 fere
2390 2968 2607 3032 eadem

651 3086 745 3150 vis
776 3085 1032 3148 ,tributa
1078 3106 1213 3147 esse
1250 3083 1530 3160 videizur‚
1579 3105 1767 3166 quam
1796 3083 1986 3148 habeis
2014 3083 2604 3149 Franco-Gallicum

650 3225 704 3267 v.
753 3207 1036 3284 effronte.
1116 3200 1301 3264 Hanc
1347 3200 1424 3264 ob
1472 3222 1727 3265 causam
1772 3198 2123 3284 Vopiscum
2139 3249 2154 3278 ‚
2204 3223 2392 3286 quem
2436 3201 2605 3264 anti-

647 3311 937 3400 quiorum
984 3316 1362 3399 scriptorum
1410 3316 1797 3380 imitaizorem
1818 3317 2015 3381 fuisse
2045 3317 2279 3401 ubique
2309 3320 2600 3402 appamia,

647 3435 906 3514 effrenis
976 3430 1302 3513 scripsisse
1349 3430 1608 3494 conicio.
1705 3429 1952 3494 Deinde
1999 3454 2147 3497 vero
2194 3456 2439 3515 semper
2483 3437 2602 3496 alti

646 3550 1057 3633 depravatum
1122 3546 1416 3610 existimo
1485 3569 1562 3611 ex
1620 3554 1977 3630 temperati.
2072 3547 2353 3635 Scripssor
2398 3551 2601 3635 signi-

642 3666 829 3730 ficare
895 3662 1098 3727 voluit
1115 3709 1130 3740 ‚
1202 3660 1696 3731 Diocletianum,
1774 3665 1983 3728 virum
2045 3668 2299 3730 cautum
2345 3666 2600 3730 omnino

644 3781 708 3842 et
752 3777 1161 3878 prudentem7
1210 3777 1531 3841 interdum
1583 3778 1910 3843 affectibus
1958 3780 2276 3844 effrenatis
2321 3780 2601 3845 absizrahi

643 3919 708 3960 se
754 3879 1006 3982 passum
1053 3917 1205 3960 6666.
