3142 5167
1684 526 1727 587 4

676 737 685 746 “
723 725 943 789 cedam
985 727 1059 787 in
1103 727 1386 788 tribunal
1428 744 1562 789 non
1606 730 1834 807 furens
1877 749 1992 791 nec
2021 729 2315 807 infestus,
2360 731 2470 792 sed
2498 732 2689 794 voltu

726 844 876 923 leqis
943 849 1025 904 et.
1068 844 1183 903 illa
1249 844 1581 905 sollemnia
1652 846 1839 906 verba
1904 846 2034 907 leni
2101 847 2306 925 mayis
2373 850 2675 927 yravique

727 979 919 1039 quam
962 960 1191 1021 rabida
1233 980 1374 1021 voce
1420 963 1794 1041 concipiam.
1836 995 1925 1009 ——
1961 953 2026 1023 N
2027 979 2110 1022 on
2154 959 2462 1045 intellego
2506 965 2681 1024 voltu

723 1076 892 1157 leyis.
959 1074 1161 1139 Estne
1205 1074 1384 1139 voltu
1426 1074 1717 1160 legitimo
1741 1124 1757 1154 ‚
1804 1095 1889 1140 an
1931 1075 2129 1154 voltu,
2181 1077 2432 1161 qualem
2477 1078 2682 1163 magi-

727 1191 1011 1255 strat-um*
1061 1173 1242 1256 debet
1263 1192 1295 1255 ἶ)
1383 1188 1453 1255 Si
1517 1193 1636 1258 hoe
1700 1195 1911 1270 recte,
1976 1192 2183 1277 qualis
2248 1213 2477 1278 quaeso
2533 1197 2633 1258 est
2652 1193 2685 1258 *Ρ

730 1305 995 1372 HaereO.
1044 1305 1150 1371 Ad
1194 1307 1403 1372 levem·
1445 1309 1897 1373 correctionem
1940 1308 2390 1373 recurrendum
2413 1309 2664 1373 videtur

729 1421 1059 1488 promittit
1103 1404 1174 1487 ni
1217 1423 1401 1487 fallor
1423 1473 1441 1503 ‚
1489 1444 1554 1487 se
1601 1422 1849 1508 placido
1894 1423 2079 1487 vuli-‚u
2123 1421 2315 1487 verba
2358 1420 2689 1486 sollemnia

737 1544 1191 1625 coneepturum
1274 1540 1412 1606 coll.
1487 1543 1569 1605 19
1597 1588 1612 1619 ,
1676 1544 1756 1605 2:
1825 1540 2111 1627 [iudicis]
2194 1550 2337 1605 tum
2401 1543 2688 1603 maxime

680 1651 693 1666 ’
725 1657 1019 1737 placidus
1087 1676 1216 1718 esse
1258 1658 1433 1719 debet
1478 1664 1540 1719 et
1596 1660 1669 1719 in
1714 1663 1888 1720 statu
1939 1659 2184 1733 voltus,
2254 1675 2402 1718 cum
2445 1673 2687 1735 maqna

725 1776 1133 1856 pronuntiat.
1224 1771 1483 1858 Corrige
1541 1792 1695 1857 ergo
1754 1774 1928 1835 voltu
1993 1774 2171 1834 lenis.
2265 1759 2565 1850 Placidus
2626 1769 2693 1832 et

732 1892 890 1953 lenis
935 1910 1189 1974 prorsus
1235 1888 1403 1953 idem
1447 1888 1666 1954 valent,
1728 1890 1795 1951 et
1840 1886 2031 1972 vulgo
2075 1905 2202 1950 uno
2245 1887 2465 1950 tenore
2509 1903 2694 1947 usur-

731 2009 966 2092 pantur
1050 2009 1116 2070 et
1182 2005 1262 2071 ab
1329 2006 1473 2070 eliis
1540 2008 1608 2070 et
1680 2003 1757 2068 ab
1826 2004 1963 2088 ipso
2029 2000 2282 2067 Seneca.
2354 1999 2448 2064 Of.
2518 1997 2686 2062 Dial.

730 2122 812 2188 V.
862 2123 921 2187 5.
994 2125 1051 2189 1.
1143 2121 1389 2188 Deinde
1451 2144 1599 2188 vero
1666 2142 1779 2205 pro
1840 2123 1970 2184 leni
2013 2117 2180 2183 haud
2254 2118 2471 2201 inepte
2516 2120 2692 2180 lenta

731 2236 1153 2301 substituetis

816 2352 884 2418 O.
936 2355 1062 2432 20,
1114 2354 1194 2418 7:
1249 2354 1584 2415 Terribilia
1649 2355 1825 2414 enim
1876 2368 2007 2413 esse
2076 2357 2137 2412 et
2181 2349 2581 2411 tumultuosa
2625 2354 2686 2409 et

727 2475 997 2536 exitiosa
1034 2477 1347 2551 possunt:
1415 2471 1939 2550 maqnituninem
1984 2468 2239 2546 quidem
2263 2511 2279 2543 ‚
2348 2468 2532 2528 cuius
2576 2466 2687 2545 Ιίν-

726 2595 1130 2651 mamentum
1153 2588 1460 2665 roburque
1481 2586 1726 2646 bonitas
1751 2591 1860 2660 est,
1885 2603 2017 2646 non
2040 2584 2371 2646 habebunt.
2403 2589 2686 2644 ceterum

724 2724 1043 2780 sermone,
1089 2708 1323 2764 conatu
1368 2707 1428 2761 et
1475 2703 1652 2761 omni
1700 2706 1888 2761 eoetra
1927 2706 2174 2778 paratu
2219 2697 2463 2776 facient
2505 2716 2685 2776 maq-

722 2821 1044 2881 nituolinis
1090 2819 1299 2898 fidem.
1339 2853 1426 2864 --
1447 2811 1571 2877 Pro
1617 2822 1850 2877 conatu
1894 2810 2409 2877 substituendum
2432 2808 2685 2873 videtur

726 2943 981 2999 ornatu.
1013 2956 1019 2961 ·

1182 3235 1422 3313 omme.
1460 3249 1569 3311 ιιΒ.
1603 3248 1641 3310 ν
1675 3250 1724 3310 s.
1762 3247 1839 3310 οε
1873 3248 1966 3308 ικΑ
2003 3246 2113 3307 ue.
2146 3246 2216 3307 m.

810 3420 877 3488 G.
930 3421 990 3499 8,
1042 3417 1114 3484 7:
1161 3419 1461 3499 Difficilis
1507 3435 1744 3496 quoque
1789 3421 1849 3476 et
1894 3413 2213 3475 indomita
2233 3416 2480 3473 natura
2502 3411 2680 3472 blan-

720 3511 1002 3603 dientem
1049 3540 1257 3616 feret:
1328 3534 1493 3595 nihil
1534 3551 1843 3612 vasperum
1911 3531 2332 3609 territumque
2376 3528 2680 3609 palpanti

719 3661 827 3717 est.
880 3687 962 3702 ·-
1007 3649 1131 3715 Pro
1176 3653 1596 3730 territumque
1638 3646 1814 3710 fuere
1842 3643 1954 3730 qui
1999 3652 2357 3726 tetrumque
2392 3640 2676 3706 mallent.

717 3767 1075 3851 Utrumwe
1142 3769 1289 3854 ῑᾴο
1312 3841 1329 3856 .
1358 3763 1672 3849 displicet».
1767 3761 2027 3848 Con-ige
2094 3764 2546 3842 horridumque
2616 3759 2683 3821 et

719 3907 967 3963 sanam,
1017 3859 1199 3949 oredo
1228 3930 1242 3961 ‚
1276 3855 1632 3946 “lec-{tionem
1677 3879 1953 3945 habebis.

804 3999 961 4063 Eod.
1011 4020 1144 4082 cap.
1194 3998 1229 4081 ἓ
1278 3998 1317 4060 2
1363 3996 1637 4081 legitur:
1684 3997 2161 4076 impudicorum
2193 4000 2403 4057 coetus
2446 3994 2681 4070 fortem

718 4137 956 4198 quoque
1000 4123 1061 4177 et
1091 4116 1148 4178 si
1168 4115 1355 4177 liceat
1398 4117 1622 4176 virum
1644 4114 1926 4176 emolliit.
1958 4148 2039 4168 -—
2064 4106 2189 4172 Vv.
2239 4112 2296 4171 si
2316 4109 2502 4169 liceat
2532 4104 2681 4188 quia

717 4233 892 4301 omni
956 4254 1146 4298 sensu
1189 4233 1447 4297 careant
1463 4278 1479 4309 ,
1547 4229 1724 4294 fuere
1768 4229 1879 4315 qui
1919 4228 2213 4304 siliceum
2258 4224 2301 4287 i.
2350 4243 2403 4286 e.
2452 4220 2680 4285 durum

720 4349 1128 4418 correxerint.
1223 4344 1510 4414 Aureum
1561 4348 1731 4412 certe
1776 4342 2195 4421 vocabulum,
2242 4340 2300 4406 si
2345 4339 2679 4404 contextus
