3142 5167
1681 488 1764 550 56

737 698 811 752 ut
875 692 1123 771 probris
1181 697 1415 752 natum
1460 679 1665 772 maqis
1709 712 1901 772 quam
1948 694 2006 752 ei
2049 692 2175 753 loco
2220 712 2368 753 eum
2412 695 2691 753 crederes

735 810 821 869 ad
883 827 1064 887 quem
1127 809 1399 884 fortuna
1454 812 1762 887 proves-it.
1816 844 1896 855 --
1943 804 2229 868 Primum
2274 806 2490 889 inepta
2536 806 2594 867 h.
2643 805 2687 867 1.

734 922 923 986 verba
991 921 1288 986 videntur
1356 945 1591 1015 aquam
1657 929 1863 1005 qessit.
1957 920 2208 1006 Aquam
2254 943 2473 1006 gerere
2518 922 2691 986 enim

733 1061 845 1123 pro
889 1060 1114 1124 aquam
1159 1042 1407 1123 portare
1453 1062 1609 1104 num
1653 1040 1806 1103 ferri
1850 1040 2095 1123 possint
2140 1037 2378 1101 dubito,
2444 1036 2691 1101 Deinde

732 1178 879 1221 vero
924 1156 1076 1241 quid
1118 1158 1420 1239 faciemus
1466 1158 1708 1236 verbiS‚
1776 1180 1934 1242 quae
1981 1160 2358 1241 sequuntur:
2406 1166 2478 1218 ut
2524 1160 2694 1219 leno·

731 1298 895 1339 num
961 1281 1256 1340 minister
1270 1281 1303 1338 5>
1393 1274 1552 1340 Cum
1621 1274 2139 1361 praecedentibus
2210 1275 2536 1338 cohaerere
2580 1294 2694 1335 ne·

733 1394 974 1476 queunt
992 1440 1007 1469 ‚
1077 1393 1206 1456 nisi
1271 1392 1431 1456 forte
1500 1414 1728 1475 aquam
1774 1392 2023 1475 portare
2068 1390 2367 1454 lenonum
2411 1388 2695 1453 ministri
2743 1379 2750 1384 ⁵

700 1509 1056 1593 'proprium
1122 1508 1316 1571 fuisse
1384 1510 1697 1592 putemne.
1791 1504 2012 1589 Neque
2084 1527 2228 1569 cum
2285 1502 2691 1588 sequentibus
2796 1531 2801 1536 ·

733 1627 1038 1711 coniungi
1128 1627 1393 1709 possunt
1466 1625 1545 1689 ob
1635 1626 2101 1689 nominativum
2176 1645 2411 1688 casum.
2528 1621 2691 1698 Quid

735 1743 934 1827 igitur
950 1742 982 1804 P.
1072 1738 1220 1804 Nisi
1275 1740 1458 1804 fallor
1504 1741 1718 1804 omnia
1763 1762 1915 1804 sana
1963 1743 2152 1804 erunt
2169 1788 2184 1817 ‚
2247 1739 2304 1802 si
2350 1739 2690 1802 correxeris

733 1882 925 1941 aeque
985 1882 1048 1923 se
1091 1865 1279 1941 qessit
1323 1868 1397 1920 ut
1442 1861 1747 1921 lenonum
1791 1863 2105 1921 minister.
2199 1860 2404 1937 Aeque
2429 1905 2442 1918 .
2473 1904 2487 1917 .
2518 1903 2532 1917 .
2581 1863 2654 1916 ut
2677 1903 2692 1932 ‚

714 1976 899 2061 quod
961 1976 1126 2060 apud
1193 1977 1464 2060 optimos
1533 1976 1869 2059 scriptores
1931 1996 2060 2038 non
2123 1975 2480 2051 invenitur,
2549 1974 2691 2057 post

732 2089 1016 2155 Plinium
1061 2090 1192 2154 fere
1238 2089 1316 2153 ab
1364 2089 1656 2154 omnibus
1702 2092 2074 2174 usurpatum
2120 2091 2232 2153 est.

820 2207 888 2271 G.
939 2210 1013 2286 9,
1066 2211 1137 2271 1:
1186 2210 1560 2285 Simulavit,
1612 2229 1675 2269 se
1719 2216 1778 2269 et
1824 2212 1896 2269 in
1941 2210 2234 2286 Africam
2279 2210 2570 2281 iturum,
2618 2212 2692 2264 ut

734 2333 1066 2405 sumptum
1124 2328 1543 2386 itinerarium
1590 2327 1860 2402 exiqeret
1878 2370 1892 2399 ,
1959 2332 2018 2385 et
2065 2327 2265 2403 exeyit
2311 2344 2575 2401 eumque
2620 2326 2692 2383 in

733 2445 1020 2504 convivia
1087 2450 1146 2503 et
1213 2443 1420 2502 aleam
1489 2444 1809 2501 convertit.
1875 2474 1956 2485 ——
2005 2437 2372 2523 Legendum
2441 2437 2693 2501 videtur

732 2559 972 2618 balnea.
1066 2552 1475 2618 Commodum
1540 2553 1714 2616 enim
1760 2553 2100 2617 aleatorem
2144 2554 2340 2616 fuisse
2382 2573 2693 2636 nusquam

732 2670 1066 2734 memoriae
1111 2669 1415 2733 traditum
1460 2672 1573 2733 est.
1672 2666 1794 2732 Sed
1839 2669 1894 2731 si
1941 2670 2082 2752 quis
2129 2659 2291 2732 alius
2323 2667 2689 2732 balneorum

732 2786 1022 2851 luxuriae
1067 2786 1366 2861 indulsit3
1416 2786 1492 2849 cf.
1546 2787 1619 2864 5,
1669 2790 1744 2861 4;
1799 2788 1875 2848 11
1900 2832 1915 2861 ,
1965 2787 2024 2849 5.

820 2902 971 2966 Eod.
1023 2923 1154 2985 cap.
1193 2906 1269 2966 3:
1317 2905 1549 2965 multos
1568 2910 1908 2984 praeterea
1925 2886 2276 2983 paraverat
2300 2907 2689 2978 interimere,

734 3022 895 3100 quod
958 3040 1077 3099 per
1116 3021 1459 3099 parvolum
1504 3021 1822 3098 quendam
1863 3021 2198 3098 proditum
2244 3026 2367 3093 est,
2440 3022 2548 3098 qui
2593 3026 2692 3079 ta-

734 3138 950 3197 bulam
999 3158 1031 3197 e
1077 3138 1357 3198 cubiculo
1405 3138 1587 3196 eiecit
1607 3181 1621 3210 ,
1689 3139 1762 3195 in
1807 3156 1931 3215 qua
1977 3138 2461 3197 occidendorum
2506 3143 2693 3197 erant

606 3319 617 3330 q
698 3253 1003 3320 ‚nomina
1048 3254 1303 3329 scripta.
1355 3284 1441 3296 —
1490 3245 1714 3310 Malim
1761 3250 2090 3311 servolum.

804 3363 855 3408 δι

894 3463 969 3526 ‘i'

1540 3549 1876 3556 Μ

1283 3750 1409 3813 mm
1455 3750 1794 3813 CAPffoum
1842 3747 2150 3812 ΡΕΒῘΙΝΑΧ.

736 3999 747 4016 ·
822 3962 897 4038 Q‘
965 3966 1003 4027 8
1023 4011 1038 4040 ‚
1110 3968 1152 4027 4
1221 3964 1390 4027 inter
1459 3985 1558 4026 res
1628 3961 1950 4026 Commodi
1968 4011 1982 4040 ‚
2054 3984 2320 4046 quarum
2387 3964 2595 4027 auctio
2656 3986 2694 4026 a

732 4080 1066 4145 Pertinace
1115 4081 1329 4145 habita
1375 4085 1502 4159 est,
1561 4085 2011 4146 enumerantur
2055 4104 2341 4145 maceras
2386 4086 2694 4145 Hercula-

733 4221 887 4263 neas
934 4209 993 4262 et
1038 4208 1283 4280 torques
1327 4202 1744 4280 qladiatorias
1789 4221 2060 4279 vasaque
2105 4202 2271 4260 eluto
2318 4220 2478 4261 auro
2517 4203 2693 4261 ebore

735 4323 994 4397 arqento
1039 4319 1314 4397 citroque
1358 4320 1718 4397 composita.
1766 4352 1852 4364 -——
1899 4317 2151 4377 Aurum
2197 4316 2443 4377 elutum
2490 4313 2692 4397 signi-

2981 4331 3101 4358 ....
