3142 5167
1572 515 1656 579 40

641 716 1086 802 corrigendum
1145 719 1415 802 putavit.
1509 716 1674 781 Mihi
1718 718 1910 802 longe
1954 718 2188 781 rectius
2233 720 2299 781 et
2342 717 2588 802 simpli-

638 835 774 901 cius
812 809 1094 919 'videtur
1158 857 1272 919 pro
1332 858 1488 917 opus
1534 835 1920 899 substituere
1965 844 2233 917 tempus.
2324 835 2587 900 Etenim
2696 865 2700 874 ¹

630 951 834 1034 primo
905 951 1110 1034 capite
1178 951 1522 1016 declaravit
1566 952 1824 1016 Tacitus
1841 1001 1855 1029 ,
1927 954 2238 1036 quantum
2287 953 2590 1038 temporis

631 1068 909 1151 spatium
955 1090 1110 1152 opus
1156 1091 1341 1133 suum
1387 1071 1863 1154 complexurum
1909 1072 2028 1135 sit:
2105 1076 2380 1135 Initium
2426 1076 2588 1135 mihi

629 1188 835 1265 operis
905 1186 1164 1247 Servius
1237 1187 1435 1248 Galba
1496 1192 1737 1250 iterum
1806 1192 1983 1251 Titus
2045 1192 2264 1252 Vinius
2311 1192 2588 1252 consules

628 1309 822 1390 erunt
867 1302 1018 1365 cett.
1081 1298 1329 1365 Deinde
1376 1303 1652 1368 secundo
1699 1306 1763 1368 et
1809 1306 2002 1368 tertio
2048 1306 2255 1390 capite
2285 1307 2588 1391 temporis

628 1416 754 1478 iam
820 1414 1069 1479 definiti
1138 1437 1343 1480 mores
1413 1420 1479 1480 et
1525 1419 1860 1502 ingenium
1904 1418 2084 1484 brevi
2128 1420 2198 1484 in
2245 1423 2587 1504 conspectu

626 1532 906 1617 posuitt-
972 1536 1243 1613 Tempus
1307 1538 1648 1616 adqredior
1708 1540 1998 1616 opimum
2060 1541 2303 1600 casibus
2322 1585 2336 1613 ,
2401 1546 2590 1600 atrox

618 1650 904 1730 proeliis,
950 1652 1185 1711 discors
1219 1653 1633 1712 seditionibus
1650 1698 1664 1727 ‚
1712 1655 1855 1732 ipsa
1884 1656 2082 1714 etiam
2107 1675 2266 1734 pace
2297 1674 2582 1717 saevom:

623 1765 926 1847 quattuor
1002 1773 1328 1847 principes
1411 1772 1588 1847 ferro
1674 1774 2077 1850 interempti,
2164 1775 2344 1833 trina
2428 1774 2586 1837 bella

623 1886 839 1947 civilia
856 1931 1274 1947 ..........
1348 1888 1491 1948 Νοη
1538 1893 1759 1947 tamen
1805 1889 1960 1948 adeo
2006 1891 2327 1949 virtutum
2373 1891 2586 1952 sterile

625 1972 977 2075 saeculum,
1023 2007 1097 2061 ut
1140 2021 1270 2061 non
1315 2009 1376 2062 et
1421 2004 1583 2062 bona
1630 2004 1920 2080 eoeempla
1965 2006 2337 2081 prodiderit.

714 2113 795 2182 ΣΤ.
849 2116 928 2179 10
950 2162 965 2191 ,
1016 2118 1089 2178 2:
1182 2118 1343 2180 Sum
1389 2126 1450 2179 et
1496 2121 1631 2197 ipse
1677 2121 1747 2179 in
1794 2121 2033 2180 edendo
2082 2117 2583 2202 [hendecasylla-

630 2232 764 2316 bos]
832 2237 1182 2296 haesitator
1200 2280 1215 2310 ,
1286 2243 1359 2296 tu
1428 2243 1649 2297 tamen
1694 2256 1907 2297 meam
1953 2256 2190 2316 quoque
2236 2241 2586 2299 cunctatio-

625 2371 775 2413 nem
842 2353 1338 2430 tarditatemque
1395 2355 1620 2413 vicisti.
1696 2385 1779 2399 ·—-
1843 2348 1923 2414 V.
1973 2356 2351 2428 haesitator,
2424 2350 2586 2435 quod

627 2468 877 2550 praeter
938 2466 1000 2528 h.
1049 2464 1092 2528 l.
1142 2488 1454 2550 nusquam
1505 2467 1778 2531 occurrit
1797 2515 1811 2544 ,
1881 2489 1917 2530 a
1961 2465 2173 2531 Plinio
2220 2467 2583 2534 abiudican-

630 2581 780 2645 dum
828 2602 1066 2646 censeo.
1132 2579 1544 2646 Scribendum
1589 2588 2029 2647 haesitantior.
2096 2583 2191 2648 Of.
2241 2583 2369 2648 Cio.
2410 2582 2584 2649 Orat.

628 2695 662 2761 I
678 2744 694 2774 ‚
747 2698 860 2761 10:
920 2699 1128 2760 'Carbo
1173 2703 1441 2779 iqnarus
1486 2702 1726 2780 lequm,
1773 2702 2098 2763 haesitans
2145 2705 2218 2763 in
2263 2705 2589 2763 maiorum

632 2821 967 2880 institutis.

719 2932 867 2999 VH.
941 2937 980 2997 9
1006 2982 1020 3011 ,
1088 2935 1206 2997 14:
1300 2938 1472 2996 Inest
1517 2938 1617 2996 his
1667 2932 2042 3017 [opusculis]
2088 2953 2323 3014 quoque
2367 2937 2591 2996 eadem

631 3075 791 3135 quae
837 3055 982 3115 aliis
1029 3055 1423 3115 carminibus
1470 3054 1754 3127 utilitas,
1802 3055 1964 3132 quod
2010 3056 2202 3130 metri
2225 3057 2596 3115 necessitate

631 3174 980 3244 deuinctis‚
1049 3173 1256 3231 soluta
1324 3173 1611 3230 oratione
1677 3171 2018 3231 laetamur.
2094 3207 2177 3217 —
2224 3166 2594 3233 Lectionem

633 3285 782 3349 Cod.
833 3285 998 3350 Med.
1048 3285 1296 3348 reddidi
1340 3289 1673 3348 deuincti&
1750 3285 2001 3349 Keilius
2046 3285 2245 3349 edidit
2290 3290 2592 3362 deiuncti,

633 3423 789 3465 num
856 3404 1026 3464 recte
1089 3399 1324 3464 dubito.
1417 3399 1731 3482 Equidem
1776 3398 2062 3465 Plinium
2106 3405 2398 3483 defuncti
2442 3402 2485 3465 i.
2535 3422 2587 3464 e.

560 3595 573 3604 ο
632 3517 888 3583 liberati
963 3516 1116 3580 olim
1183 3516 1509 3599 scripsisse
1577 3515 1763 3580 credo
1833 3516 1970 3580 coll.
2044 3515 2173 3582 Cic.
2251 3538 2361 3600 pro
2418 3514 2586 3581 Sext.

633 3635 816 3700 Rosc.
868 3636 986 3708 213
1030 3632 1151 3716 Ep.
1200 3632 1279 3695 ad
1323 3630 1470 3697 Div.
1524 3630 1725 3710 VIII,
1780 3636 1880 3697 11.

727 3746 873 3813 VH.
951 3749 1067 3824 17,
1142 3750 1258 3812 13;
1359 3750 1576 3812 Timor
1621 3715 1713 3812 cist
1759 3754 2129 3812 emendator
2174 3750 2589 3829 asperrimus

618 3869 766 3930 'Hoc
834 3865 1049 3945 ipsum
1072 3911 1087 3941 ,
1155 3869 1318 3945 quod
1364 3887 1477 3927 nos
1524 3867 1901 3928 recitaturos
1949 3867 2297 3947 coqitamus
2317 3913 2335 3941 ,
2383 3887 2593 3928 emen-

634 3987 780 4046 dat:
850 3982 1011 4062 quod
1078 3982 1477 4044 auditorium
1546 3982 1969 4062 inqredimur‚
2042 3983 2363 4043 emendat:
2433 3983 2595 4061 quod

635 4100 970 4180 pallemus,
1040 4096 1481 4173 horrescimus,
1545 4097 2104 4177 circumspicimuS,
2153 4098 2457 4158 emendat.
2508 4133 2595 4144 -

595 4225 600 4232 '
637 4215 955 4278 Timorem
1001 4211 1467 4278 emendatorem
1513 4212 1803 4296 equidem
1838 4233 1968 4275 non
1991 4210 2438 4295 asperrimum,
2486 4212 2596 4276 sed

580 4300 589 4326 ⁸
639 4328 1014 4396 acerrimum
1060 4326 1372 4391 existimo.
1434 4323 1572 4392 Nec
1618 4324 1867 4390 Plinius
1914 4325 2097 4394 credo
2143 4325 2331 4392 aliter
2391 4329 2594 4394 sensit
