3142 5167
1469 547 1535 590 IX

466 803 469 808 θ
535 725 774 805 Lipsiae
814 726 974 806 apud
1017 726 1402 788 Teubnerum
1445 726 1704 808 prodiit,
1749 745 1904 805 quae
1937 727 2050 787 etsi
2077 727 2286 787 multis
2311 726 2493 788 rebus

526 880 707 940 laude
753 880 1108 959 dignissima
1147 879 1280 940 iure
1323 880 1594 955 ducitur,
1638 887 1844 940 tamen
1887 899 2008 940 non
2047 897 2240 961 pauca
2276 880 2497 941 menda

526 1035 840 1097 continere
904 1033 1057 1094 mihi
1120 1033 1470 1108 videbatur,
1536 1052 1693 1112 quae
1757 1032 2049 1093 editorem
2112 1032 2323 1111 fisgere
2373 1049 2494 1092 non

522 1187 858 1249 debuerant
871 1230 886 1261 ‚
950 1205 1089 1258 eum
1153 1186 1492 1259 dumtaxat,
1564 1183 1673 1264 qui
1736 1202 1947 1245 sanam
2008 1182 2309 1245 rationem
2368 1200 2493 1243 rec-

526 1350 785 1424 tumque
848 1343 1143 1404 'iudicium
1185 1342 1375 1423 pluris
1416 1342 1591 1418 facit,
1658 1361 1838 1422 quam
1881 1340 2157 1402 codicum
2195 1340 2490 1402 lubricam

526 1510 705 1572 saepe
769 1499 831 1551 et
894 1493 1189 1552 incertam
1252 1493 1701 1553 auctoritatem.
1783 1489 1992 1571 Prima
2032 1489 2275 1570 quidem
2316 1489 2492 1549 lectio

520 1651 649 1704 tam
712 1642 966 1704 uberem
1033 1643 1515 1704 adversariorum
1559 1643 1729 1704 dedit
1767 1648 2133 1722 proventum
2179 1640 2256 1702 ad
2294 1641 2485 1715 locos,

529 1750 680 1874 quos
745 1794 1167 1856 emendatione
1226 1796 1321 1855 vel
1383 1795 1649 1857 maxime
1710 1795 1982 1874 indigere
2038 1794 2352 1875 opinabar,
2414 1800 2487 1853 ut

524 1947 682 2008 satis
722 1944 1026 2007 luculento
1069 1946 1270 2007 libello
1310 1948 1615 2027 implendo
1655 1947 1783 2008 fere
1812 1947 2091 2007 sufficere
2118 1946 2487 2007 viderentur.

528 2101 665 2163 Non
710 2108 915 2161 tamen
959 2119 1029 2161 eo
1071 2101 1334 2181 processi
1374 2100 1770 2212 temeritatiS‚
1835 2108 1903 2161 ut
1945 2100 2260 2161 collectam
2299 2107 2487 2159 mate-

524 2213 679 2318 riem
723 2257 1010 2317 continuo
1052 2256 1379 2336 vulgarem.
1430 2256 1625 2327 Immo
1666 2256 1859 2316 satius
1887 2274 2019 2316 esse
2049 2254 2194 2316 duxi
2221 2253 2488 2316 Fickerti

524 2407 851 2468 editionem
911 2377 1206 2486 inspicere
1223 2453 1237 2482 ‚
1303 2406 1364 2467 in
1415 2427 1536 2486 qua
1579 2415 1707 2468 tam
1748 2407 1943 2468 varias
1982 2405 2257 2467 codicum
2298 2405 2484 2486 scrip-

519 2564 718 2629 turaS‚
783 2575 968 2635 quam
1032 2557 1406 2617 coniecturas
1449 2558 1764 2619 doctorum
1806 2564 2126 2618 annotatas
2167 2575 2298 2618 esse
2337 2519 2485 2617 sciess

514 2703 676 2765 bam.
764 2706 935 2767 Tunc
998 2708 1219 2768 iterum
1284 2708 1408 2767 vidi
1472 2708 1637 2769 aliud
1699 2727 1828 2770 esse
1889 2709 2124 2788 antiqui
2173 2709 2484 2789 scriptoris

519 2858 850 2919 editionem
897 2877 1109 2945 curare
1127 2903 1141 2932 ‚
1185 2860 1349 2920 aliud
1389 2862 1505 2921 hoc
1544 2880 1763 2939 agere,·
1785 2869 1857 2922 ut
1897 2879 2079 2941 quam
2122 2859 2483 2922 emendatis-

424 3063 433 3072 .
520 3010 672 3071 sime
715 3011 973 3090 prodeat-
1013 3011 1077 3070 in
1117 3011 1340 3083 lucem,
1384 3030 1454 3072 ac
1492 3030 1569 3072 ne
1612 3011 1899 3073 Haasium
1944 3013 2188 3092 quidem
2216 3046 2293 3060 —
2323 3014 2486 3093 quod

516 3180 660 3241 pace
728 3163 889 3222 tanti
957 3160 1071 3221 viri
1134 3160 1371 3260 dictum
1429 3161 1510 3222 sit
1547 3197 1630 3207 —
1672 3181 1913 3223 omnem
1977 3162 2480 3243 vituperationem

515 3316 867 3389 evitavisse‚
938 3316 1002 3375 in
1068 3333 1248 3395 quam
1314 3316 1615 3377 editorum
1679 3317 1839 3378 haud
1902 3285 2153 3396 eriguus
2193 3335 2481 3379 numerus

509 3467 779 3530 incidere
821 3470 1051 3545 soleat,
1126 3472 1266 3549 qui,
1314 3471 1551 3533 etiamsi
1596 3472 1848 3533 meliora
1886 3472 2196 3535 interdum
2235 3474 2477 3550 vident,

508 3625 714 3680 tamen
787 3620 1092 3680 deteriora
1142 3622 1381 3701 saepius
1410 3630 1781 3706 sequuntur.
1866 3623 1951 3683 At
1991 3623 2172 3685 simul
2211 3623 2479 3685 Fickerti

505 3771 772 3832 editione
838 3773 1079 3851 cognita
1121 3792 1273 3834 vano
1314 3793 1414 3835 me
1455 3776 1728 3856 falsoque
1770 3774 2213 3855 quodammodo
2253 3774 2474 3854 gaudio

503 3920 897 3982 exsultavisse
940 3921 1228 3982 intellexi.
1295 3923 1447 3984 Ecce
1488 3924 1677 3999 enim,
1721 3925 1898 4003 longe
1936 3924 2229 3984 maiorem
2271 3941 2471 3984 emen-

455 4070 463 4082 '
504 4074 821 4136 dationum
888 4084 1125 4155 partem
1143 4097 1161 4151 ‚·
1223 4095 1371 4155 quas
1413 4077 1604 4137 nimia
1642 4077 1764 4138 mei
1807 4076 2263 4152 aestimatione,
2326 4095 2467 4156 pue-

499 4227 694 4288 riliter
744 4247 890 4290 sane
932 4229 1175 4305 ductuS‚
1218 4250 1318 4291 me
1359 4231 1625 4311 primum
1666 4229 1876 4290 fecisse
1919 4229 2198 4309 opinatus
2242 4247 2462 4303 essem,

498 4380 620 4441 iam
690 4381 830 4442 olim
894 4384 1163 4446 virorum
1229 4385 1548 4447 doctorum
1590 4383 1862 4445 sollertia
1901 4384 2091 4446 factas
2132 4402 2262 4445 esse
2303 4382 2463 4458 vidi,
