3142 5167
1525 494 1646 537 VIII

641 693 777 736 rum
842 675 1029 737 etiam
1090 673 1656 756 investigationibus
1716 675 2078 736 latissimum
2135 693 2415 755 campum
2455 676 2594 734 offe-

602 835 801 889 ·runt.
898 828 1152 909 Legenti
1219 835 1424 889 autem
1493 828 1732 907 quoties
1798 828 1962 888 locus
2031 824 2411 900 occurrebat,
2484 824 2589 904 qui

641 980 1005 1041 sententiam
1061 981 1155 1040 vel
1194 980 1372 1061 paulo
1414 979 1823 1041 obscuriorem
1852 1025 1866 1054 ,
1926 979 2020 1040 vel
2060 997 2308 1058 prorsus
2348 976 2599 1057 impedi·
2688 1047 2694 1053 Δ

639 1141 769 1195 tam
836 1132 1128 1214 praebere
1197 1126 1544 1207 videbatur,
1616 1132 1778 1192 hunc
1842 1130 2050 1191 sedulo
2118 1126 2439 1202 annotavi,
2509 1127 2597 1187 ita

639 1294 847 1348 tamen
909 1292 979 1347 ut
1018 1284 1197 1346 simul
1239 1283 1512 1344 criticam
1554 1283 1938 1358 facultatem,
2000 1282 2054 1343 si
2093 1300 2215 1362 qua
2252 1281 2408 1348 forte
2446 1281 2597 1342 mihi

644 1440 828 1514 inest,
872 1457 943 1499 eo
985 1439 1360 1500 emendando
1401 1444 1719 1498 tentarem.

717 1588 1026 1660 Quorsum
1069 1590 1219 1651 haec
1260 1591 1462 1652 omnia
1479 1589 1511 1650 ‘l
1553 1588 1773 1667 inquis,
1817 1622 1894 1635 —-
1926 1586 2081 1657 Quia
2111 1586 2443 1667 plurimum
2470 1602 2601 1645 esse

648 1743 1012 1804 discriminis
1074 1742 1354 1803 existimo
1368 1788 1384 1813 ,
1445 1750 1656 1803 utrum
1698 1741 1901 1820 aliqua
1939 1758 2034 1801 res
2075 1738 2454 1820 propositum
2493 1739 2597 1812 sit,

645 1919 724 1961 an
783 1893 1079 1980 propositi
1142 1899 1392 1959 alterius
1453 1898 1734 1959 accessio.
1817 1897 2021 1974 Longe
2081 1914 2226 1957 sane
2272 1894 2470 1969 abest,
2530 1901 2601 1954 ut

646 2052 916 2113 criticam
959 2059 1184 2126 artem,
1227 2052 1291 2111 in
1331 2071 1454 2131 qua
1493 2059 1625 2113 tam
1665 2050 1843 2112 multi
1885 2050 2001 2111 viri
2044 2050 2206 2112 docti
2248 2068 2492 2130 operam
2535 2056 2598 2109 et

642 2223 848 2265 curam
910 2211 1146 2285 ponunt
1189 2223 1378 2285 prope
1419 2223 1661 2265 omnem
1680 2249 1694 2278 ,
1757 2223 1887 2264 rem
1927 2202 2244 2279 subsicivi,
2286 2210 2357 2263 ut
2396 2202 2592 2276 aiunt,

643 2351 843 2436 operis
903 2356 1242 2417 habendam
1302 2364 1542 2437 putem3
1604 2374 1768 2417 nunc
1812 2374 1954 2415 vero
1994 2373 2114 2415 non
2156 2354 2351 2434 ipsam
2389 2352 2593 2433 petivi.

637 2509 833 2571 Statio
897 2511 1075 2586 mihi,
1139 2530 1261 2571 non
1323 2518 1537 2591 portus
1596 2510 1733 2570 fuit.
1818 2508 2049 2579 Quibus
2107 2509 2356 2570 monitis
2395 2509 2597 2587 aliqua

637 2681 775 2743 spes
841 2682 941 2722 me
981 2669 1180 2737 tenet,
1222 2663 1353 2723 fore
1390 2670 1462 2723 ut
1484 2663 1687 2724 aculei
1728 2662 1935 2751 iudicii
1952 2625 1959 2631 ¹
1977 2662 2073 2723 tuiv
2112 2664 2175 2722 in
2214 2662 2417 2723 libello
2458 2680 2593 2722 meo

637 2813 1017 2874 diiudicando
1035 2859 1049 2887 ‚
1094 2814 1145 2875 si
1186 2815 1360 2875 evelli
1400 2814 1871 2894 extorquerique
1910 2833 2032 2875 non
2081 2814 2341 2895 possint,
2383 2813 2595 2894 paulu-

631 2966 760 3025 lum
803 2965 1015 3026 saltem
1058 2965 1424 3028 hebetentur
1467 2975 1529 3028 et
1568 2969 1992 3031 retundantur.

712 3118 987 3180 Primum
1057 3118 1327 3180 omnium
1393 3120 1462 3181 L.
1525 3120 1847 3182 Annaeum
1916 3119 2207 3182 Senecam
2276 3122 2340 3182 in
2380 3140 2595 3182 manus

635 3268 886 3348 sumpsi.
969 3268 1149 3348 Apud
1213 3288 1392 3348 quem
1455 3290 1645 3352 quum
1706 3271 1919 3351 ingens
1971 3273 2176 3333 rerum
2217 3273 2390 3353 copia
2428 3274 2592 3335 inve-

634 3419 838 3479 niatur
899 3418 975 3478 ad
1038 3418 1196 3479 vitae
1244 3419 1654 3481 Romanorum
1696 3421 1971 3501 privatae
2012 3421 2418 3501 cognitionem
2459 3440 2591 3501 per·

628 3566 983 3642 tinentium,
1043 3574 1175 3628 tum
1218 3566 1298 3627 ad
1338 3586 1548 3629 verum
1589 3570 1835 3630 omnino
1884 3569 2013 3630 eius
2061 3544 2289 3651 scripta
2338 3591 2592 3634 conven-

630 3727 807 3781 tuum
834 3720 1076 3780 illorum
1107 3727 1172 3780 et
1195 3721 1560 3782 circulorum
1582 3722 1892 3803 ingenium
1914 3725 2251 3804 exprimere
2271 3726 2555 3789 videntur
2569 3771 2587 3803 ,

629 3871 689 3932 in
734 3871 953 3952 quibus
994 3872 1108 3933 viri
1150 3881 1215 3934 et
1253 3873 1514 3935 feminae
1555 3875 1945 3953 nobilissimi,
1999 3887 2070 3939 ut
2113 3880 2187 3940 de
2226 3899 2590 3961 unaquaque

626 4044 694 4086 re
709 4069 724 4100 ,
768 4025 856 4086 ita
898 4025 972 4086 de
1012 4026 1394 4108 philosophia
1422 4011 1663 4109 quoque
1693 4031 2020 4093 desultoria
2048 4035 2310 4112 quadam
2339 4035 2589 4096 levitate

623 4176 881 4240 fabulari
940 4179 1132 4257 magis
1146 4223 1161 4254 ,
1228 4199 1412 4259 quam
1471 4183 1773 4261 exquisite
1835 4192 1898 4245 et
1951 4195 2229 4248 accurate
2272 4189 2583 4270 disputare

618 4332 912 4394 solebant.
959 4333 1263 4395 Editione
1303 4334 1550 4411 utebar,
1598 4355 1755 4415 quae
1796 4357 1849 4398 a.
1892 4337 2051 4400 1852
2092 4339 2159 4401 F.
2204 4338 2414 4403 Haasii
2442 4361 2591 4403 cura
