3142 5167
1372 560 1443 619 11

431 779 611 827 coma
678 768 1046 826 restituitur
1114 773 1230 826 aut
1299 767 1595 845 deficiens
1656 755 1803 823 hinc
1864 769 2057 848 atque
2104 764 2282 824 illinc
2326 766 2399 823 in

428 886 714 960 frontem
783 883 1182 962 compellitur
1199 885 1231 942 P
1299 883 1605 966 quomodo
1662 884 2039 942 irascuntur
2086 883 2141 941 si
2187 887 2401 942 tonsor

418 1000 624 1077 paulo
668 1000 1090 1080 ne9le9entior
1134 1003 1296 1078 fuit,
1345 1006 1680 1082 tamquam
1705 1001 1920 1059 virum
1947 1000 2284 1060 tonderet?
2316 1033 2398 1044 —

424 1110 556 1175 Vel
604 1113 796 1176 semel
842 1113 997 1177 haec
1042 1113 1253 1197 legere
1302 1112 1569 1190 sufficit,
1618 1113 1692 1175 ut
1729 1110 2069 1195 intellegas
2097 1111 2400 1176 vitiosum

423 1250 567 1292 esse
613 1230 673 1293 h.
724 1230 765 1292 l.
816 1235 1051 1294 virum.
1102 1209 1439 1295 Gor-rectio=
1468 1231 1680 1293 autem
1727 1228 1933 1292 facilis
1974 1232 2089 1292 est.
2138 1227 2400 1293 Etenim

421 1345 585 1410 belli
654 1347 753 1410 illi
798 1348 1166 1413 homunculi
1212 1350 1611 1425 irascuntur,
1682 1348 1738 1410 si
1783 1351 2000 1412 tonsor
2045 1348 2136 1411 ita
2182 1348 2399 1433 negle-

422 1467 658 1547 genter
704 1463 905 1529 officio
952 1486 1064 1529 suo
1109 1466 1367 1530 functus
1413 1466 1534 1544 sit,
1583 1467 1658 1528 ut
1688 1465 1960 1544 diceres,
2009 1488 2153 1530 611111
2180 1468 2401 1551 opina-

419 1584 571 1644 tum
638 1601 773 1645 6666
842 1601 909 1643 66
973 1601 1102 1645 11611
1162 1581 1440 1659 1101111111,
1512 1580 1622 1644 6611
1666 1581 1770 1644 ovi
1833 1602 2086 1665 operam
2131 1603 2364 1645 navare
2382 1630 2397 1660 ,

423 1720 637 1782 neque
685 1697 987 1782 capillum
1034 1720 1138 1776 66,
1188 1685 1298 1762 6611
1343 1701 1569 1761 villum
1616 1696 1899 1762 tondere.

520 1813 586 1878 G.
643 1817 758 1892 14,
807 1819 882 1878 4:
936 1836 1131 1900 quam
1177 1818 1373 1878 multi
1417 1820 1716 1877 hesterna
1762 1818 2030 1896 crapula
2076 1821 2400 1878 semisom-

423 1956 542 1997 nes
591 1941 652 1996 et
696 1955 916 2014 qraves
936 1981 951 2010 ,
1001 1936 1128 1996 illis
1174 1932 1426 1996 miseris
1474 1954 1666 1995 suum
1720 1954 2018 1995 somnum
2064 1944 2399 2014 rumpent-

425 2049 574 2113 ibus
595 2097 610 2126 ,
681 2059 753 2112 ut
820 2052 1147 2113 alienum·
1187 2057 1581 2130 exspectent,
1651 2053 1763 2111 vioe
1831 2051 2140 2110 adlevatis
2207 2051 2399 2111 labris

426 2172 920 2229 insusurratum
965 2169 1197 2229 millies
1243 2188 1471 2228 nomen
1537 2170 1906 2228 oscitatione
1950 2167 2400 2246 superbissima

429 2271 700 2343 reddent
720 2285 752 2341 f>
802 2319 883 2328 —
931 2280 1148 2344 Etiam
1195 2280 1256 2344 h.
1306 2281 1346 2344 l.
1398 2301 1615 2345 vocem
1684 2281 1845 2345 mihi
1912 2278 2399 2363 deprehendisse

430 2398 647 2461 videor
700 2399 1076 2462 somniantis
1131 2398 1378 2462 librarii
1426 2399 1613 2483 culpa
1656 2399 2051 2462 decurtatam
2097 2398 2162 2462 et
2206 2397 2400 2461 muti-

429 2513 577 2577 lam.
658 2513 781 2589 Qui
827 2515 1000 2578 enim
1045 2535 1273 2598 quaeso
1319 2515 1459 2577 fieri
1504 2518 1714 2598 potest
1757 2517 1831 2577 ut
1876 2514 2106 2597 aliquis
2136 2513 2399 2590 oscitet,

434 2634 496 2693 et
562 2633 774 2695 tamen
846 2631 954 2694 vix
1023 2630 1199 2694 labra
1269 2631 1564 2695 adlevet?
1658 2628 1882 2715 Apage
1951 2630 2225 2714 ineptias
2249 2677 2264 2706 ,
2335 2631 2401 2692 et

439 2747 603 2809 ocius
649 2743 953 2822 Senecae,
1003 2745 1167 2828 quod
1211 2767 1279 2808 re
1327 2767 1474 2808 vera
1520 2745 1805 2828 scripsit,
1848 2747 2169 2825 palpebris
2214 2741 2399 2806 resti-

444 2863 560 2925 tue.
649 2862 909 2927 Etenim
977 2860 1282 2945 superbus
1355 2863 1658 2944 patronus
1726 2881 1808 2923 ne
1883 2859 2075 2923 semel
2143 2858 2398 2942 quidem

444 2976 747 3041 misellum
789 2975 1168 3042 clientulum
1217 2976 1495 3059 aspicere
1543 2974 1863 3058 dignatur.

1295 3171 1395 3178 Q
1408 3170 1579 3178 ι..-.,-.--

731 3323 970 3386 omme.
1025 3323 1133 3384 Ι.ΙΒ.
1178 3319 1254 3383 ΧΙΙ
1301 3321 1481 3382 8.Αο
1531 3319 1784 3381 ΗΕΙΛΙΙΑΜ
1833 3318 2105 3392 munem,

1115 3417 1192 3478 DE
1228 3414 1717 3478 CONSOLATIONE.

523 3566 589 3630 O.
667 3569 738 3645 7,
806 3571 881 3631 9:
983 3572 1409 3630 Transierunt
1476 3571 1706 3630 deinde
1777 3569 2042 3648 Liqures
2088 3572 2161 3629 in
2206 3566 2397 3651 [hanc

435 3685 772 3768 insulam],
843 3691 1248 3749 transierunt
1294 3693 1353 3746 et
1399 3687 1713 3764 Hispani,
1762 3687 1924 3768 quod
1970 3706 2049 3747 ex
2096 3686 2397 3747 similitu-

434 3802 582 3862 dine
650 3804 817 3862 ritus
877 3804 1182 3880 adparet:
1259 3802 1479 3861 eadem
1524 3804 1700 3861 enim
1744 3807 2065 3879 teqmenta
2110 3803 2395 3878 capitum

435 3920 722 4001 idemque
781 3940 978 3998 qenus
1032 3920 1465 3992 calciamenti,
1535 3919 1701 3999 quod
1765 3917 2096 3978 Cantabris
2152 3925 2260 3979 est.
2313 3953 2397 3963 —

433 4031 762 4097 Facillime
830 4035 1092 4117 apparet
1160 4038 1326 4096 ritus
1378 4052 1595 4095 vocem
1642 4031 1922 4114 spuriam
1967 4051 2100 4093 6666
2149 4033 2212 4092 et
2258 4052 2397 4093 mu-

434 4149 635 4212 tilam.
731 4146 1015 4232 Simplex
1062 4152 1273 4212 autem
1320 4147 1677 4213 emendatio
1724 4148 1838 4209 est.
1925 4144 1994 4210 Si
2041 4147 2213 4211 enim
2260 4168 2397 4210 ves-

435 4270 592 4328 titus
639 4267 980 4330 correxeris
999 4314 1014 4344 ,
1078 4266 1200 4331 loci
1246 4265 1565 4330 sententia
1612 4265 1681 4327 in
1728 4264 2051 4348 integrum
2098 4265 2400 4329 restituta

437 4380 575 4443 erit.
