<?xml version="1.0" encoding="UTF-8"?>
<!DOCTYPE html PUBLIC "-//W3C//DTD XHTML 1.0 Transitional//EN"
    "http://www.w3.org/TR/xhtml1/DTD/xhtml1-transitional.dtd">
<html xmlns="http://www.w3.org/1999/xhtml" xml:lang="en" lang="en">
 <head>
  <title>
</title>
<meta http-equiv="Content-Type" content="text/html;charset=utf-8" />
  <meta name='ocr-system' content='tesseract 3.04.00' />
  <meta name='ocr-capabilities' content='ocr_page ocr_carea ocr_par ocr_line ocrx_word'/>
</head>
<body>
  <div class='ocr_page' id='page_1' title='image "./coniectanealati00corngoog_0016.png"; bbox 0 0 3142 5167; ppageno 0'>
   <div class='ocr_carea' id='block_1_1' title="bbox 1588 557 1683 600">
    <p class='ocr_par' dir='ltr' id='par_1_1' title="bbox 1588 557 1683 600">
     <span class='ocr_line' id='line_1_1' title="bbox 1588 557 1683 600; baseline 0.021 -2"><span class='ocrx_word' id='word_1_1' title='bbox 1588 557 1683 600; x_wconf 84' lang='lat' dir='ltr'>XII</span> 
     </span>
    </p>
   </div>
   <div class='ocr_carea' id='block_1_2' title="bbox 660 701 2628 1430">
    <p class='ocr_par' dir='ltr' id='par_1_2' title="bbox 661 701 2628 818">
     <span class='ocr_line' id='line_1_2' title="bbox 661 701 2628 818; baseline 0.008 -30"><span class='ocrx_word' id='word_1_2' title='bbox 661 727 967 788; x_wconf 85' lang='lat' dir='ltr'>sententia</span> <span class='ocrx_word' id='word_1_3' title='bbox 1010 701 1409 793; x_wconf 42' lang='lat' dir='ltr'>restituenda·</span> <span class='ocrx_word' id='word_1_4' title='bbox 1438 713 1648 796; x_wconf 86' lang='lat' dir='ltr'>multis</span> <span class='ocrx_word' id='word_1_5' title='bbox 1689 737 1833 797; x_wconf 91' lang='lat' dir='ltr'>locis</span> <span class='ocrx_word' id='word_1_6' title='bbox 1859 733 2036 817; x_wconf 78' lang='lat' dir='ltr'>&#39;plane</span> <span class='ocrx_word' id='word_1_7' title='bbox 2065 739 2499 818; x_wconf 89' lang='lat' dir='ltr'>desperandum</span> <span class='ocrx_word' id='word_1_8' title='bbox 2529 741 2628 803; x_wconf 88' lang='lat' dir='ltr'>sit.</span> 
     </span>
    </p>

    <p class='ocr_par' dir='ltr' id='par_1_3' title="bbox 660 876 2627 1430">
     <span class='ocr_line' id='line_1_3' title="bbox 753 876 2625 972; baseline 0.009 -37"><span class='ocrx_word' id='word_1_9' title='bbox 753 876 1108 940; x_wconf 88' lang='lat' dir='ltr'>Petronium</span> <span class='ocrx_word' id='word_1_10' title='bbox 1173 883 1398 963; x_wconf 88' lang='lat' dir='ltr'>excipit</span> <span class='ocrx_word' id='word_1_11' title='bbox 1438 883 1669 972; x_wconf 80' lang='lat' dir='ltr'>Plinius</span> <span class='ocrx_word' id='word_1_12' title='bbox 1711 884 1941 963; x_wconf 81' lang='lat' dir='ltr'><strong>Minor,</strong></span> <span class='ocrx_word' id='word_1_13' title='bbox 1986 888 2153 950; x_wconf 91' lang='lat' dir='ltr'>cuius</span> <span class='ocrx_word' id='word_1_14' title='bbox 2193 890 2625 970; x_wconf 76' lang='lat' dir='ltr'>PanegyricuS,</span> 
     </span>
     <span class='ocr_line' id='line_1_4' title="bbox 660 1033 2626 1119; baseline 0.008 -31"><span class='ocrx_word' id='word_1_15' title='bbox 660 1049 855 1109; x_wconf 90' lang='lat' dir='ltr'>quum</span> <span class='ocrx_word' id='word_1_16' title='bbox 924 1033 1122 1112; x_wconf 90' lang='lat' dir='ltr'>putidi</span> <span class='ocrx_word' id='word_1_17' title='bbox 1188 1039 1388 1099; x_wconf 90' lang='lat' dir='ltr'>nescio</span> <span class='ocrx_word' id='word_1_18' title='bbox 1431 1040 1580 1119; x_wconf 88' lang='lat' dir='ltr'>quid</span> <span class='ocrx_word' id='word_1_19' title='bbox 1621 1048 1681 1101; x_wconf 85' lang='lat' dir='ltr'>et</span> <span class='ocrx_word' id='word_1_20' title='bbox 1715 1041 1957 1113; x_wconf 89' lang='lat' dir='ltr'>molesti</span> <span class='ocrx_word' id='word_1_21' title='bbox 1999 1041 2251 1117; x_wconf 88' lang='lat' dir='ltr'>habeat,</span> <span class='ocrx_word' id='word_1_22' title='bbox 2313 1049 2446 1103; x_wconf 85' lang='lat' dir='ltr'>tum</span> <span class='ocrx_word' id='word_1_23' title='bbox 2476 1061 2626 1113; x_wconf 57' lang='lat' dir='ltr'>⁴vero</span> 
     </span>
     <span class='ocr_line' id='line_1_5' title="bbox 666 1182 2627 1268; baseline 0.007 -25"><span class='ocrx_word' id='word_1_24' title='bbox 666 1182 984 1265; x_wconf 85' lang='lat' dir='ltr'><strong>Epistulae</strong></span> <span class='ocrx_word' id='word_1_25' title='bbox 1039 1206 1323 1268; x_wconf 89' lang='lat' dir='ltr'>magnam</span> <span class='ocrx_word' id='word_1_26' title='bbox 1369 1193 1615 1252; x_wconf 89' lang='lat' dir='ltr'>omnino</span> <span class='ocrx_word' id='word_1_27' title='bbox 1659 1193 2116 1254; x_wconf 82' lang='lat' dir='ltr'>delectationem</span> <span class='ocrx_word' id='word_1_28' title='bbox 2159 1194 2437 1255; x_wconf 86' lang='lat' dir='ltr'>afferunt.</span> <span class='ocrx_word' id='word_1_29' title='bbox 2516 1196 2627 1257; x_wconf 88' lang='lat' dir='ltr'>Le-</span> 
     </span>
     <span class='ocr_line' id='line_1_6' title="bbox 663 1338 2626 1430; baseline 0.007 -33"><span class='ocrx_word' id='word_1_30' title='bbox 663 1338 946 1417; x_wconf 87' lang='lat' dir='ltr'>gentibus</span> <span class='ocrx_word' id='word_1_31' title='bbox 1003 1341 1167 1402; x_wconf 86' lang='lat' dir='ltr'>enim</span> <span class='ocrx_word' id='word_1_32' title='bbox 1226 1343 1386 1405; x_wconf 84' lang='lat' dir='ltr'>vitae</span> <span class='ocrx_word' id='word_1_33' title='bbox 1424 1346 1936 1428; x_wconf 89' lang='lat' dir='ltr'>nobilissimorum</span> <span class='ocrx_word' id='word_1_34' title='bbox 1978 1348 2390 1411; x_wconf 82' lang='lat' dir='ltr'>Romanorum</span> <span class='ocrx_word' id='word_1_35' title='bbox 2430 1349 2626 1430; x_wconf 88' lang='lat' dir='ltr'>quoti-</span> 
     </span>
    </p>
   </div>
   <div class='ocr_carea' id='block_1_3' title="bbox 664 1493 2625 1583">
    <p class='ocr_par' dir='ltr' id='par_1_4' title="bbox 664 1493 2625 1583">
     <span class='ocr_line' id='line_1_7' title="bbox 664 1493 2625 1583; baseline 0.006 -30"><span class='ocrx_word' id='word_1_36' title='bbox 664 1493 881 1555; x_wconf 80' lang='lat' dir='ltr'>dianae</span> <span class='ocrx_word' id='word_1_37' title='bbox 946 1503 1076 1557; x_wconf 85' lang='lat' dir='ltr'>tam</span> <span class='ocrx_word' id='word_1_38' title='bbox 1124 1497 1385 1559; x_wconf 86' lang='lat' dir='ltr'>dilucide</span> <span class='ocrx_word' id='word_1_39' title='bbox 1425 1518 1770 1579; x_wconf 80' lang='lat' dir='ltr'>expressam</span> <span class='ocrx_word' id='word_1_40' title='bbox 1810 1501 2138 1581; x_wconf 83' lang='lat' dir='ltr'>imaginem</span> <span class='ocrx_word' id='word_1_41' title='bbox 2175 1502 2491 1583; x_wconf 80' lang='lat' dir='ltr'>praebent,</span> <span class='ocrx_word' id='word_1_42' title='bbox 2554 1510 2625 1564; x_wconf 89' lang='lat' dir='ltr'>ut</span> 
     </span>
    </p>
   </div>
   <div class='ocr_carea' id='block_1_4' title="bbox 640 1643 2624 3864">
    <p class='ocr_par' dir='ltr' id='par_1_5' title="bbox 653 1643 2624 2495">
     <span class='ocr_line' id='line_1_8' title="bbox 654 1643 2622 1726; baseline 0.007 -26"><span class='ocrx_word' id='word_1_43' title='bbox 654 1659 734 1700; x_wconf 88' lang='lat' dir='ltr'>ne</span> <span class='ocrx_word' id='word_1_44' title='bbox 805 1643 1224 1721; x_wconf 83' lang='lat' dir='ltr'>spectantibus</span> <span class='ocrx_word' id='word_1_45' title='bbox 1297 1646 1543 1726; x_wconf 88' lang='lat' dir='ltr'>quidem</span> <span class='ocrx_word' id='word_1_46' title='bbox 1611 1649 1826 1711; x_wconf 90' lang='lat' dir='ltr'>clarior</span> <span class='ocrx_word' id='word_1_47' title='bbox 1894 1658 2051 1712; x_wconf 87' lang='lat' dir='ltr'>esset</span> <span class='ocrx_word' id='word_1_48' title='bbox 2116 1651 2340 1713; x_wconf 87' lang='lat' dir='ltr'>futura.</span> <span class='ocrx_word' id='word_1_49' title='bbox 2439 1652 2622 1713; x_wconf 89' lang='lat' dir='ltr'>Plinii</span> 
     </span>
     <span class='ocr_line' id='line_1_9' title="bbox 653 1793 2623 1881; baseline 0.006 -28"><span class='ocrx_word' id='word_1_50' title='bbox 653 1793 886 1873; x_wconf 88' lang='lat' dir='ltr'>scripta</span> <span class='ocrx_word' id='word_1_51' title='bbox 949 1797 1143 1858; x_wconf 90' lang='lat' dir='ltr'>multo</span> <span class='ocrx_word' id='word_1_52' title='bbox 1206 1799 1457 1861; x_wconf 87' lang='lat' dir='ltr'>meliore</span> <span class='ocrx_word' id='word_1_53' title='bbox 1518 1821 1701 1881; x_wconf 87' lang='lat' dir='ltr'>quam</span> <span class='ocrx_word' id='word_1_54' title='bbox 1734 1803 2015 1867; x_wconf 78' lang='lat' dir='ltr'>‚Petronii</span> <span class='ocrx_word' id='word_1_55' title='bbox 2057 1804 2274 1864; x_wconf 89' lang='lat' dir='ltr'>habitu</span> <span class='ocrx_word' id='word_1_56' title='bbox 2314 1824 2351 1864; x_wconf 90' lang='lat' dir='ltr'>a</span> <span class='ocrx_word' id='word_1_57' title='bbox 2387 1804 2623 1865; x_wconf 88' lang='lat' dir='ltr'>mediae</span> 
     </span>
     <span class='ocr_line' id='line_1_10' title="bbox 658 1947 2624 2033; baseline 0.004 -26"><span class='ocrx_word' id='word_1_58' title='bbox 658 1947 878 2008; x_wconf 87' lang='lat' dir='ltr'>aetatis</span> <span class='ocrx_word' id='word_1_59' title='bbox 921 1947 1270 2011; x_wconf 90' lang='lat' dir='ltr'>hominibus</span> <span class='ocrx_word' id='word_1_60' title='bbox 1313 1951 1488 2013; x_wconf 89' lang='lat' dir='ltr'>nobis</span> <span class='ocrx_word' id='word_1_61' title='bbox 1529 1954 1756 2015; x_wconf 88' lang='lat' dir='ltr'>tradita</span> <span class='ocrx_word' id='word_1_62' title='bbox 1794 1961 1955 2015; x_wconf 90' lang='lat' dir='ltr'>sunt.</span> <span class='ocrx_word' id='word_1_63' title='bbox 2037 1954 2221 2030; x_wconf 90' lang='lat' dir='ltr'>Nam,</span> <span class='ocrx_word' id='word_1_64' title='bbox 2265 1954 2316 2015; x_wconf 90' lang='lat' dir='ltr'>si</span> <span class='ocrx_word' id='word_1_65' title='bbox 2358 1953 2624 2033; x_wconf 77' lang='lat' dir='ltr'>Panegy-</span> 
     </span>
     <span class='ocr_line' id='line_1_11' title="bbox 658 2064 2621 2189; baseline 0.005 -29"><span class='ocrx_word' id='word_1_66' title='bbox 658 2100 767 2161; x_wconf 90' lang='lat' dir='ltr'>rici</span> <span class='ocrx_word' id='word_1_67' title='bbox 835 2101 1074 2182; x_wconf 86' lang='lat' dir='ltr'>aliquot</span> <span class='ocrx_word' id='word_1_68' title='bbox 1111 2064 1435 2184; x_wconf 78' lang='lat' dir='ltr'>particulas</span> <span class='ocrx_word' id='word_1_69' title='bbox 1476 2108 1770 2188; x_wconf 80' lang='lat' dir='ltr'>excipiaS,</span> <span class='ocrx_word' id='word_1_70' title='bbox 1835 2108 2039 2168; x_wconf 91' lang='lat' dir='ltr'>omnia</span> <span class='ocrx_word' id='word_1_71' title='bbox 2080 2109 2269 2169; x_wconf 86' lang='lat' dir='ltr'>solida</span> <span class='ocrx_word' id='word_1_72' title='bbox 2308 2116 2494 2189; x_wconf 90' lang='lat' dir='ltr'>atque</span> <span class='ocrx_word' id='word_1_73' title='bbox 2533 2109 2621 2169; x_wconf 93' lang='lat' dir='ltr'>in-</span> 
     </span>
     <span class='ocr_line' id='line_1_12' title="bbox 660 2259 2620 2341; baseline 0.005 -29"><span class='ocrx_word' id='word_1_74' title='bbox 660 2259 830 2333; x_wconf 85' lang='lat' dir='ltr'>tegra</span> <span class='ocrx_word' id='word_1_75' title='bbox 896 2264 1139 2318; x_wconf 84' lang='lat' dir='ltr'>servata</span> <span class='ocrx_word' id='word_1_76' title='bbox 1199 2267 1342 2319; x_wconf 86' lang='lat' dir='ltr'>sunt</span> <span class='ocrx_word' id='word_1_77' title='bbox 1402 2268 1466 2321; x_wconf 89' lang='lat' dir='ltr'>et</span> <span class='ocrx_word' id='word_1_78' title='bbox 1525 2261 1718 2321; x_wconf 83' lang='lat' dir='ltr'>oratio</span> <span class='ocrx_word' id='word_1_79' title='bbox 1775 2280 1897 2321; x_wconf 92' lang='lat' dir='ltr'>non</span> <span class='ocrx_word' id='word_1_80' title='bbox 1939 2261 2131 2322; x_wconf 88' lang='lat' dir='ltr'>multa</span> <span class='ocrx_word' id='word_1_81' title='bbox 2171 2279 2361 2341; x_wconf 89' lang='lat' dir='ltr'>eaque</span> <span class='ocrx_word' id='word_1_82' title='bbox 2398 2261 2620 2322; x_wconf 91' lang='lat' dir='ltr'>leviora</span> 
     </span>
     <span class='ocr_line' id='line_1_13' title="bbox 660 2405 1883 2495; baseline 0.005 -30"><span class='ocrx_word' id='word_1_83' title='bbox 660 2405 909 2466; x_wconf 91' lang='lat' dir='ltr'>omnino</span> <span class='ocrx_word' id='word_1_84' title='bbox 936 2407 1172 2467; x_wconf 83' lang='lat' dir='ltr'>menda</span> <span class='ocrx_word' id='word_1_85' title='bbox 1214 2410 1583 2495; x_wconf 82' lang='lat' dir='ltr'>contraxisse</span> <span class='ocrx_word' id='word_1_86' title='bbox 1624 2411 1883 2472; x_wconf 87' lang='lat' dir='ltr'>videtur.</span> 
     </span>
    </p>

    <p class='ocr_par' dir='ltr' id='par_1_6' title="bbox 640 2557 2619 3864">
     <span class='ocr_line' id='line_1_14' title="bbox 736 2557 2619 2647; baseline 0.006 -31"><span class='ocrx_word' id='word_1_87' title='bbox 736 2557 1053 2639; x_wconf 87' lang='lat' dir='ltr'>Dialogum</span> <span class='ocrx_word' id='word_1_88' title='bbox 1124 2563 1197 2622; x_wconf 92' lang='lat' dir='ltr'>de</span> <span class='ocrx_word' id='word_1_89' title='bbox 1259 2562 1644 2636; x_wconf 86' lang='lat' dir='ltr'>Oratoribus,</span> <span class='ocrx_word' id='word_1_90' title='bbox 1711 2565 1816 2645; x_wconf 91' lang='lat' dir='ltr'>qui</span> <span class='ocrx_word' id='word_1_91' title='bbox 1859 2585 1896 2626; x_wconf 92' lang='lat' dir='ltr'>a</span> <span class='ocrx_word' id='word_1_92' title='bbox 1936 2564 2146 2627; x_wconf 90' lang='lat' dir='ltr'>Tacito</span> <span class='ocrx_word' id='word_1_93' title='bbox 2188 2567 2450 2647; x_wconf 90' lang='lat' dir='ltr'>scriptus</span> <span class='ocrx_word' id='word_1_94' title='bbox 2489 2585 2619 2628; x_wconf 90' lang='lat' dir='ltr'>esse</span> 
     </span>
     <span class='ocr_line' id='line_1_15' title="bbox 650 2711 2617 2796; baseline 0.003 -25"><span class='ocrx_word' id='word_1_95' title='bbox 650 2711 827 2790; x_wconf 86' lang='lat' dir='ltr'>vulgo</span> <span class='ocrx_word' id='word_1_96' title='bbox 870 2713 1113 2785; x_wconf 88' lang='lat' dir='ltr'>fertur,&#39;</span> <span class='ocrx_word' id='word_1_97' title='bbox 1151 2721 1213 2774; x_wconf 91' lang='lat' dir='ltr'>et</span> <span class='ocrx_word' id='word_1_98' title='bbox 1253 2713 1530 2776; x_wconf 89' lang='lat' dir='ltr'>Suetonii</span> <span class='ocrx_word' id='word_1_99' title='bbox 1573 2715 1744 2776; x_wconf 90' lang='lat' dir='ltr'>Vitas</span> <span class='ocrx_word' id='word_1_100' title='bbox 1784 2716 2046 2777; x_wconf 83' lang='lat' dir='ltr'>strictim</span> <span class='ocrx_word' id='word_1_101' title='bbox 2088 2725 2153 2777; x_wconf 92' lang='lat' dir='ltr'>et</span> <span class='ocrx_word' id='word_1_102' title='bbox 2193 2718 2416 2779; x_wconf 88' lang='lat' dir='ltr'>cursim</span> <span class='ocrx_word' id='word_1_103' title='bbox 2439 2717 2617 2796; x_wconf 87' lang='lat' dir='ltr'>attigi</span> 
     </span>
     <span class='ocr_line' id='line_1_16' title="bbox 651 2865 2615 2954; baseline 0.003 -30"><span class='ocrx_word' id='word_1_104' title='bbox 651 2873 912 2928; x_wconf 89' lang='lat' dir='ltr'>tantum.</span> <span class='ocrx_word' id='word_1_105' title='bbox 999 2865 1187 2927; x_wconf 93' lang='lat' dir='ltr'>Paulo</span> <span class='ocrx_word' id='word_1_106' title='bbox 1253 2866 1485 2929; x_wconf 87' lang='lat' dir='ltr'>diutius</span> <span class='ocrx_word' id='word_1_107' title='bbox 1532 2868 1607 2954; x_wconf 51' lang='lat' dir='ltr'>¹in</span> <span class='ocrx_word' id='word_1_108' title='bbox 1660 2868 1963 2929; x_wconf 89' lang='lat' dir='ltr'>Historiae</span> <span class='ocrx_word' id='word_1_109' title='bbox 2004 2867 2315 2949; x_wconf 81' lang='lat' dir='ltr'>Augustae</span> <span class='ocrx_word' id='word_1_110' title='bbox 2355 2868 2615 2949; x_wconf 86' lang='lat' dir='ltr'>Scripto-</span> 
     </span>
     <span class='ocr_line' id='line_1_17' title="bbox 647 3017 2616 3098; baseline -0.001 -20"><span class='ocrx_word' id='word_1_111' title='bbox 647 3017 815 3078; x_wconf 90' lang='lat' dir='ltr'>ribus</span> <span class='ocrx_word' id='word_1_112' title='bbox 864 3025 1270 3079; x_wconf 87' lang='lat' dir='ltr'>commoratus</span> <span class='ocrx_word' id='word_1_113' title='bbox 1324 3038 1460 3079; x_wconf 92' lang='lat' dir='ltr'>sum</span> <span class='ocrx_word' id='word_1_114' title='bbox 1476 3063 1491 3092; x_wconf 95' lang='lat'>,</span> <span class='ocrx_word' id='word_1_115' title='bbox 1541 3037 1664 3078; x_wconf 90' lang='lat' dir='ltr'>non</span> <span class='ocrx_word' id='word_1_116' title='bbox 1706 3018 1907 3079; x_wconf 90' lang='lat' dir='ltr'>hercle</span> <span class='ocrx_word' id='word_1_117' title='bbox 1949 3019 2111 3098; x_wconf 90' lang='lat' dir='ltr'>quod</span> <span class='ocrx_word' id='word_1_118' title='bbox 2152 3038 2226 3079; x_wconf 91' lang='lat' dir='ltr'>ex</span> <span class='ocrx_word' id='word_1_119' title='bbox 2265 3037 2475 3079; x_wconf 88' lang='lat' dir='ltr'>eorum</span> <span class='ocrx_word' id='word_1_120' title='bbox 2517 3017 2616 3077; x_wconf 90' lang='lat' dir='ltr'>de-</span> 
     </span>
     <span class='ocr_line' id='line_1_18' title="bbox 647 3170 2613 3252; baseline -0.001 -21"><span class='ocrx_word' id='word_1_121' title='bbox 647 3171 992 3252; x_wconf 88' lang='lat' dir='ltr'>scriptionis</span> <span class='ocrx_word' id='word_1_122' title='bbox 1037 3171 1400 3232; x_wconf 87' lang='lat' dir='ltr'>orationisve</span> <span class='ocrx_word' id='word_1_123' title='bbox 1446 3189 1665 3250; x_wconf 85' lang='lat' dir='ltr'>genere</span> <span class='ocrx_word' id='word_1_124' title='bbox 1714 3171 1916 3250; x_wconf 89' lang='lat' dir='ltr'>aliqua</span> <span class='ocrx_word' id='word_1_125' title='bbox 1960 3170 2356 3231; x_wconf 88' lang='lat' dir='ltr'>delectatione</span> <span class='ocrx_word' id='word_1_126' title='bbox 2396 3170 2613 3231; x_wconf 92' lang='lat' dir='ltr'>allicie-</span> 
     </span>
     <span class='ocr_line' id='line_1_19' title="bbox 645 3283 2614 3406; baseline 0.001 -24"><span class='ocrx_word' id='word_1_127' title='bbox 645 3321 784 3395; x_wconf 93' lang='lat' dir='ltr'>bar,</span> <span class='ocrx_word' id='word_1_128' title='bbox 851 3341 969 3402; x_wconf 91' lang='lat' dir='ltr'>quo</span> <span class='ocrx_word' id='word_1_129' title='bbox 1040 3322 1189 3401; x_wconf 89' lang='lat' dir='ltr'>quid</span> <span class='ocrx_word' id='word_1_130' title='bbox 1261 3341 1480 3402; x_wconf 89' lang='lat' dir='ltr'>quaeso</span> <span class='ocrx_word' id='word_1_131' title='bbox 1543 3323 1770 3384; x_wconf 90' lang='lat' dir='ltr'>aridius</span> <span class='ocrx_word' id='word_1_132' title='bbox 1840 3330 1904 3382; x_wconf 92' lang='lat' dir='ltr'>et</span> <span class='ocrx_word' id='word_1_133' title='bbox 1961 3295 2223 3385; x_wconf 90' lang='lat' dir='ltr'>ieiunius</span> <span class='ocrx_word' id='word_1_134' title='bbox 2286 3283 2614 3406; x_wconf 72' lang='lat' dir='ltr'>excogitari</span> 
     </span>
     <span class='ocr_line' id='line_1_20' title="bbox 643 3475 2609 3558; baseline 0 -22"><span class='ocrx_word' id='word_1_135' title='bbox 643 3476 891 3556; x_wconf 78' lang='lat' dir='ltr'>potest‘?</span> <span class='ocrx_word' id='word_1_136' title='bbox 977 3475 1100 3537; x_wconf 89' lang='lat' dir='ltr'>Sed</span> <span class='ocrx_word' id='word_1_137' title='bbox 1140 3477 1242 3538; x_wconf 88' lang='lat' dir='ltr'>hic</span> <span class='ocrx_word' id='word_1_138' title='bbox 1282 3496 1524 3557; x_wconf 88' lang='lat' dir='ltr'>quoque</span> <span class='ocrx_word' id='word_1_139' title='bbox 1566 3477 1644 3537; x_wconf 93' lang='lat' dir='ltr'>ad</span> <span class='ocrx_word' id='word_1_140' title='bbox 1684 3477 1845 3556; x_wconf 91' lang='lat' dir='ltr'>ipsas</span> <span class='ocrx_word' id='word_1_141' title='bbox 1867 3521 1882 3552; x_wconf 97' lang='lat'>,</span> <span class='ocrx_word' id='word_1_142' title='bbox 1928 3496 2077 3558; x_wconf 83' lang='lat' dir='ltr'>quas</span> <span class='ocrx_word' id='word_1_143' title='bbox 2121 3485 2439 3553; x_wconf 83' lang='lat' dir='ltr'>enarrant,</span> <span class='ocrx_word' id='word_1_144' title='bbox 2482 3496 2609 3549; x_wconf 85' lang='lat' dir='ltr'>res,</span> 
     </span>
     <span class='ocr_line' id='line_1_21' title="bbox 643 3629 2607 3712; baseline 0.001 -23"><span class='ocrx_word' id='word_1_145' title='bbox 643 3648 839 3709; x_wconf 90' lang='lat' dir='ltr'>neque</span> <span class='ocrx_word' id='word_1_146' title='bbox 883 3630 1156 3691; x_wconf 89' lang='lat' dir='ltr'>inficetas</span> <span class='ocrx_word' id='word_1_147' title='bbox 1200 3632 1512 3692; x_wconf 86' lang='lat' dir='ltr'>interdum</span> <span class='ocrx_word' id='word_1_148' title='bbox 1540 3638 1605 3691; x_wconf 92' lang='lat' dir='ltr'>et</span> <span class='ocrx_word' id='word_1_149' title='bbox 1633 3630 1976 3710; x_wconf 86' lang='lat' dir='ltr'>cognitione</span> <span class='ocrx_word' id='word_1_150' title='bbox 2003 3650 2181 3712; x_wconf 90' lang='lat' dir='ltr'>saepe</span> <span class='ocrx_word' id='word_1_151' title='bbox 2204 3629 2607 3711; x_wconf 78' lang='lat' dir='ltr'>dignissimaS,</span> 
     </span>
     <span class='ocr_line' id='line_1_22' title="bbox 640 3763 2611 3864; baseline -0.001 -22"><span class='ocrx_word' id='word_1_152' title='bbox 640 3782 703 3842; x_wconf 89' lang='lat' dir='ltr'>in</span> <span class='ocrx_word' id='word_1_153' title='bbox 776 3783 990 3863; x_wconf 89' lang='lat' dir='ltr'>primis</span> <span class='ocrx_word' id='word_1_154' title='bbox 1054 3784 1325 3845; x_wconf 89' lang='lat' dir='ltr'>animum</span> <span class='ocrx_word' id='word_1_155' title='bbox 1388 3763 1647 3860; x_wconf 75' lang='lat' dir='ltr'>adverti,</span> <span class='ocrx_word' id='word_1_156' title='bbox 1713 3785 1801 3844; x_wconf 91' lang='lat' dir='ltr'>ita</span> <span class='ocrx_word' id='word_1_157' title='bbox 1841 3792 2045 3845; x_wconf 89' lang='lat' dir='ltr'>tamen</span> <span class='ocrx_word' id='word_1_158' title='bbox 2086 3792 2157 3845; x_wconf 89' lang='lat' dir='ltr'>ut</span> <span class='ocrx_word' id='word_1_159' title='bbox 2194 3785 2384 3858; x_wconf 78' lang='lat' dir='ltr'>locOS,</span> <span class='ocrx_word' id='word_1_160' title='bbox 2445 3783 2611 3864; x_wconf 88' lang='lat' dir='ltr'>turpi</span> 
     </span>
    </p>
   </div>
   <div class='ocr_carea' id='block_1_5' title="bbox 643 3933 2608 4016">
    <p class='ocr_par' dir='ltr' id='par_1_7' title="bbox 643 3933 2608 4016">
     <span class='ocr_line' id='line_1_23' title="bbox 643 3933 2608 4016; baseline -0.001 -20"><span class='ocrx_word' id='word_1_161' title='bbox 643 3937 863 3997; x_wconf 86' lang='lat' dir='ltr'>mendo</span> <span class='ocrx_word' id='word_1_162' title='bbox 936 3938 1290 3999; x_wconf 89' lang='lat' dir='ltr'>obscuratos</span> <span class='ocrx_word' id='word_1_163' title='bbox 1307 3983 1321 4012; x_wconf 92' lang='lat'>,</span> <span class='ocrx_word' id='word_1_164' title='bbox 1393 3937 1589 3998; x_wconf 88' lang='lat' dir='ltr'>obiter</span> <span class='ocrx_word' id='word_1_165' title='bbox 1647 3945 1947 3998; x_wconf 89' lang='lat' dir='ltr'>notarem.</span> <span class='ocrx_word' id='word_1_166' title='bbox 2046 3933 2110 3997; x_wconf 88' lang='lat' dir='ltr'>Si</span> <span class='ocrx_word' id='word_1_167' title='bbox 2179 3937 2314 4016; x_wconf 89' lang='lat' dir='ltr'>quis</span> <span class='ocrx_word' id='word_1_168' title='bbox 2381 3943 2608 4009; x_wconf 85' lang='lat' dir='ltr'>autem,</span> 
     </span>
    </p>
   </div>
   <div class='ocr_carea' id='block_1_6' title="bbox 641 4083 2611 4322">
    <p class='ocr_par' dir='ltr' id='par_1_8' title="bbox 641 4083 2611 4322">
     <span class='ocr_line' id='line_1_24' title="bbox 646 4083 2611 4167; baseline -0.002 -20"><span class='ocrx_word' id='word_1_169' title='bbox 646 4087 892 4148; x_wconf 87' lang='lat' dir='ltr'>criticae</span> <span class='ocrx_word' id='word_1_170' title='bbox 959 4087 1111 4148; x_wconf 90' lang='lat' dir='ltr'>artis</span> <span class='ocrx_word' id='word_1_171' title='bbox 1173 4106 1272 4148; x_wconf 92' lang='lat' dir='ltr'>me</span> <span class='ocrx_word' id='word_1_172' title='bbox 1321 4086 1601 4167; x_wconf 87' lang='lat' dir='ltr'>peritior,</span> <span class='ocrx_word' id='word_1_173' title='bbox 1675 4085 1879 4149; x_wconf 86' lang='lat' dir='ltr'>dedita</span> <span class='ocrx_word' id='word_1_174' title='bbox 1920 4103 2103 4166; x_wconf 90' lang='lat' dir='ltr'>opera</span> <span class='ocrx_word' id='word_1_175' title='bbox 2144 4084 2385 4144; x_wconf 90' lang='lat' dir='ltr'>eosdem</span> <span class='ocrx_word' id='word_1_176' title='bbox 2426 4083 2611 4164; x_wconf 87' lang='lat' dir='ltr'>scrip-</span> 
     </span>
     <span class='ocr_line' id='line_1_25' title="bbox 641 4240 2608 4322; baseline -0.002 -19"><span class='ocrx_word' id='word_1_177' title='bbox 641 4250 806 4303; x_wconf 88' lang='lat' dir='ltr'>tores</span> <span class='ocrx_word' id='word_1_178' title='bbox 853 4249 1136 4304; x_wconf 85' lang='lat' dir='ltr'>excutere</span> <span class='ocrx_word' id='word_1_179' title='bbox 1176 4242 1351 4317; x_wconf 87' lang='lat' dir='ltr'>velit,</span> <span class='ocrx_word' id='word_1_180' title='bbox 1405 4243 1460 4303; x_wconf 92' lang='lat' dir='ltr'>ei</span> <span class='ocrx_word' id='word_1_181' title='bbox 1501 4249 1815 4322; x_wconf 88' lang='lat' dir='ltr'>patentem</span> <span class='ocrx_word' id='word_1_182' title='bbox 1859 4260 2142 4321; x_wconf 90' lang='lat' dir='ltr'>campum</span> <span class='ocrx_word' id='word_1_183' title='bbox 2183 4241 2503 4321; x_wconf 89' lang='lat' dir='ltr'>promitt0,</span> <span class='ocrx_word' id='word_1_184' title='bbox 2545 4240 2608 4300; x_wconf 93' lang='lat' dir='ltr'>in</span> 
     </span>
    </p>
   </div>
   <div class='ocr_carea' id='block_1_7' title="bbox 643 4396 2208 4477">
    <p class='ocr_par' dir='ltr' id='par_1_9' title="bbox 643 4396 2208 4477">
     <span class='ocr_line' id='line_1_26' title="bbox 643 4396 2208 4477; baseline -0.003 -19"><span class='ocrx_word' id='word_1_185' title='bbox 643 4417 762 4477; x_wconf 88' lang='lat' dir='ltr'>quo</span> <span class='ocrx_word' id='word_1_186' title='bbox 803 4397 1032 4476; x_wconf 86' lang='lat' dir='ltr'>ingenii</span> <span class='ocrx_word' id='word_1_187' title='bbox 1074 4416 1327 4458; x_wconf 90' lang='lat' dir='ltr'>acumen</span> <span class='ocrx_word' id='word_1_188' title='bbox 1371 4403 1435 4457; x_wconf 88' lang='lat' dir='ltr'>et</span> <span class='ocrx_word' id='word_1_189' title='bbox 1475 4396 1869 4475; x_wconf 87' lang='lat' dir='ltr'>sagacitatem</span> <span class='ocrx_word' id='word_1_190' title='bbox 1914 4401 2208 4455; x_wconf 87' lang='lat' dir='ltr'>exerceat.</span> 
     </span>
    </p>
   </div>
   <div class='ocr_carea' id='block_1_8' title="bbox 3131 1747 3141 2570">
    <p class='ocr_par' dir='ltr' id='par_1_10' title="bbox 3131 1747 3141 2570">
     <span class='ocr_line' id='line_1_27' title="bbox 3131 1747 3141 2570; baseline 0 0"><span class='ocrx_word' id='word_1_191' title='bbox 3131 1747 3141 2570; x_wconf 95' lang='lat' dir='ltr'> </span> 
     </span>
    </p>
   </div>
  </div>
 </body>
</html>
