3142 5167
1677 574 1790 619 XVI

823 751 980 813 Illud
1021 759 1363 813 extremum
1405 748 1525 823 es't,
1569 753 1656 813 mi
1696 754 1910 815 lector!
1955 761 2029 815 ut
2047 771 2408 840 ‘asseverem
2451 754 2583 828 tibi,
2628 774 2709 814 ne

740 904 1054 964 minimam
1117 903 1364 982 quidem
1425 923 1595 984 spem
1657 923 1756 965 me
1797 905 2033 978 fovere,
2103 905 2383 966 omnibus
2425 859 2712 966 emenda-

738 1056 1008 1118 tionibus
1048 1057 1253 1118 album
1293 1065 1358 1117 te
1398 1075 1529 1117 esse
1570 1057 1867 1119 calculum
1907 1056 2307 1118 adiecturum.
2382 1056 2515 1117 Etsi
2543 1058 2708 1116 enim

739 1211 902 1273 haud
941 1211 1191 1290 exiguus
1231 1212 1502 1272 locorum
1543 1230 1833 1272 numerus
1873 1215 1990 1286 est,
2034 1212 2099 1272 in
2144 1210 2364 1291 quibus
2385 1211 2707 1318 ⁸corrigen-

742 1366 833 1427 dis
872 1365 1145 1428 criticam
1184 1366 1540 1426 facultatem
1568 1371 1853 1445 expertus
1874 1384 2038 1439 sum,
2082 1372 2288 1425 tamen
2304 1410 2319 1439 ,
2350 1364 2500 1443 quid
2525 1383 2706 1425 verus

739 1529 804 1582 et
856 1522 1123 1583 sincerus
1162 1520 1442 1582 literatus
1483 1518 1668 1580 iudex
1708 1525 2017 1600 praestare
2060 1517 2305 1589 debeat,
2342 1517 2550 1602 §adhuc
2591 1539 2704 1601 per

737 1676 1055 1756 caliginem
1099 1675 1286 1737 video.
1350 1675 1564 1756 Itaque
1605 1675 1739 1735 fieri
1780 1674 2033 1755 poterit,
2071 1682 2143 1735 ut
2170 1675 2458 1736 nonnulla
2486 1675 2702 1756 depre-

737 1829 987 1903 hendam,
1015 1828 1080 1887 in
1119 1826 1339 1906 quibus
1377 1828 1471 1888 vel
1513 1832 1643 1887 toto
1688 1826 1849 1887 coelo
1892 1826 2256 1901 erraverim,
2299 1826 2394 1887 vel
2417 1845 2571 1906 quae
2605 1848 2706 1889 me

736 1989 806 2044 ut
844 2000 982 2043 mea
1020 1980 1358 2042 fefellerint.
1444 1978 1539 2040 Sit
1579 1980 1682 2039 ita.
1740 1979 2081 2040 Dummodo
2123 1977 2435 2039 interdum
2483 1980 2698 2041 saltem

737 2154 868 2197 rem
907 2155 1019 2196 acu
1059 2153 1157 2195 me
1194 2135 1466 2213 tetigisse
1493 2134 1836 2213 agnoveriS,
1878 2135 2030 2194 mihi
2056 2136 2202 2196 satis
2230 2155 2536 2217 superque
2562 2138 2691 2198 erit.

819 2243 1116 2368 Longiore
1156 2287 1531 2370 praefatione
1558 2294 1624 2346 te
1655 2265 1991 2394 obtundere
2017 2288 2174 2348 nolo.
2235 2286 2302 2348 Si
2329 2288 2493 2349 enim
2520 2290 2696 2368 plura

670 2461 673 2464 “
735 2442 1066 2516 fabularer,
1128 2457 1492 2520 magnopere
1541 2385 1870 2500 verendum
1914 2447 2107 2514 esset,
2170 2460 2248 2502 ne
2289 2460 2361 2502 ea
2399 2443 2554 2522 ipsa,
2618 2441 2697 2503 ad

733 2590 923 2654 libelli
960 2608 1306 2652 mensuram
1348 2555 1724 2671 eomparata,
1793 2589 2025 2651 iustum
2065 2576 2315 2653 modum
2357 2591 2689 2658 excederet.

752 2820 757 2825 ·
808 2810 1080 2866 scribebam
1115 2811 1424 2871 Deventriae,
1461 2812 1582 2879 ipsis
1620 2811 1784 2863 Idibus
1818 2811 2065 2878 Aprilibus
2101 2827 2143 2886 a..
2185 2814 2280 2867 187
2283 2816 2333 2866 0.
