3142 5167
1477 516 1558 578 39

555 732 784 791 ardens
851 731 1057 790 evexit
1122 729 1207 787 ad
1253 728 1515 788 aethera
1558 730 1766 787 virtus
1782 749 1807 804 ,·
1854 724 2021 788 Dial.
2073 725 2148 789 de
2196 725 2334 790 Orr.
2390 729 2507 792 13:

551 848 692 907 licet
758 846 894 905 illos
963 845 1323 905 certamina
1391 849 1452 902 et
1510 844 1803 922 pericula
1849 863 1972 904 sua
2016 846 2101 904 ad
2146 846 2508 906 consulatus

474 1036 479 1042 ¹
520 964 887 1023 ·evexerint.

631 1077 709 1143 V.
781 1081 854 1154 3,
929 1078 1001 1141 7:
1095 1079 1309 1139 Recito
1386 1083 1639 1151 tamen,
1712 1078 1873 1154 quod
1942 1077 2039 1137 illi
2108 1097 2197 1137 an
2240 1078 2509 1155 fecerint

487 1191 519 1218 ”
545 1198 769 1256 nescio.
864 1178 1116 1256 Etiam:
1188 1165 1295 1252 secl
1363 1192 1460 1251 illi
1531 1192 1768 1251 iudicio
1838 1210 1949 1250 suo
2014 1198 2315 1269 poterant
2383 1212 2510 1253 esse

547 1313 857 1386 contenti,
929 1312 1090 1370 mihi
1162 1310 1498 1369 modestior
1569 1309 1936 1367 constantia
2010 1313 2127 1381 est,
2198 1325 2390 1385 quam
2434 1312 2509 1366 ut

549 1432 704 1490 satis
771 1429 1129 1489 absolutum
1173 1433 1397 1507 putem
1443 1427 1606 1505 quod
1653 1445 1693 1485 a
1741 1445 1842 1485 me
1884 1426 2202 1504 probetur.
2256 1461 2340 1470 —
2385 1420 2509 1487 Pro

452 1612 456 1617 ,
550 1542 764 1625 inepto
811 1545 1172 1604 constantia
1219 1545 1603 1603 conscientia
1649 1538 2119 1603 restituendum
2167 1539 2280 1600 est.

638 1655 717 1721 V.
771 1661 808 1721 8
878 1655 1117 1719 Titinio
1187 1655 1484 1739 Capitoni
1503 1703 1517 1732 ‚
1591 1656 1702 1740 qui
1748 1678 1814 1719 se
1860 1657 1934 1718 ut
1979 1654 2309 1718 historiam
2355 1654 2509 1718 scri-

550 1772 728 1836 beret
772 1772 1056 1836 hortatus
1087 1772 1250 1847 erat,
1298 1769 1636 1852 respondet
1668 1768 1916 1833 Plinius
1936 1818 1951 1848 ‚
1999 1791 2064 1832 se
2093 1771 2232 1832 tum
2256 1769 2507 1866 demuru

552 1890 743 1953 amici
812 1887 1074 1953 consilio
1143 1886 1630 1965 obsecuturum,
1701 1909 1896 1971 quum
1967 1888 2284 1966 actioneS,
2353 1909 2507 1971 quas

525 2006 735 2070 -edere
805 2006 874 2069 in
912 1987 1130 2068 animo
1175 2004 1429 2073 habeat,
1486 2005 1954 2092 retractaverit..
2041 2003 2288 2069 Deinde
2333 2004 2509 2067 addit

553 2125 588 2209 ξ
640 2126 749 2187 12;
847 2127 942 2187 Tu
988 2133 1207 2185 tamen
1254 2127 1389 2184 iam
1435 2143 1610 2184 nunc
1656 2106 1858 2202 coqita
1905 2143 2064 2203 quae
2098 2127 2508 2203 potissimum

551 2249 839 2323 tempora
907 2244 1260 2322 a99rediar.
1358 2237 1526 2313 Quae
1596 2236 1788 2301 verba
1832 2238 2153 2323 legentem
2204 2238 2507 2323 cogitatio

549 2359 779 2436 subiit,
848 2358 1129 2441 possitne
1198 2377 1413 2420 eorum
1480 2375 1597 2438 ope
1665 2354 1871 2418 Taciti
1930 2354 2104 2419 locus
2151 2355 2504 2434 emendari,

547 2475 658 2557 qui
727 2475 919 2538 variis
988 2473 1188 2537 modis
1238 2473 1365 2536 iam
1411 2494 1447 2535 a
1493 2471 1650 2535 viris
1698 2470 1899 2535 doctis
1945 2494 2166 2555 parum
2214 2494 2511 2557 prospero

548 2590 779 2652 eventu
853 2592 1137 2653 tentatus
1216 2592 1326 2652 est.
1441 2587 1680 2666 Locus,
1758 2598 1946 2672 quem
2020 2589 2161 2654 volo
2182 2638 2197 2668 ‚
2272 2590 2512 2676 legitur

548 2699 714 2765 Hist.
786 2702 853 2780 I,
918 2707 992 2780 2,
1046 2706 1117 2766 1:
1215 2706 1387 2785 Opus
1458 2707 1800 2785 adyredior
1870 2709 2161 2785 opimum
2229 2709 2507 2785 casibus,

548 2827 732 2880 atrox
772 2822 1032 2900 proeliis
1051 2865 1065 2893 ‚
1128 2822 1364 2881 discors
1411 2822 1860 2897 seditionibuS,
1927 2825 2069 2900 ipsa
2116 2825 2312 2884 etiam
2352 2845 2510 2904 pace

549 2955 814 2996 saevom.
865 2919 1223 2998 Secundum
1254 2932 1463 2998 Taciti
1496 2914 1817 2997 scribendi
1844 2955 2076 3018 genuS‚
2126 2935 2236 3018 qui
2259 2936 2509 3019 saepius

549 3052 858 3118 adiectiva
927 3074 1070 3116 cum
1115 3052 1258 3115 aliis
1307 3051 1728 3116 substantivis
1778 3053 2116 3137 coniungit
2160 3058 2349 3136 atque
2395 3053 2475 3116 iis
2495 3101 2509 3129 ,

548 3193 705 3255 quae
775 3170 980 3255 logica
1025 3170 1186 3233 ratio
1208 3165 1215 3172 ’
1234 3169 1515 3234 indicare
1566 3170 1855 3247 videtur,
1906 3191 2061 3253 opus
2106 3173 2287 3234 atrox
2332 3192 2512 3255 proe-

548 3286 653 3349 liis
676 3335 691 3364 ‚
761 3286 998 3351 discors
1061 3285 1480 3349 seditionibus
1505 3319 1529 3362 ‚v
1591 3285 1729 3367 ipsa
1791 3285 1982 3349 etiam
2028 3307 2181 3369 pace
2228 3307 2510 3363 saevom,

550 3407 646 3468 est
715 3426 903 3487 opus,
978 3404 1047 3467 in
1117 3425 1238 3487 quo
1308 3405 1524 3488 agitur
1597 3401 1671 3464 de
1733 3403 1989 3485 proeliis
2036 3404 2386 3482 atrocibuS,
2437 3405 2512 3468 de

551 3522 966 3586 seditionibus
1043 3521 1431 3586 discordibus
1458 3571 1475 3599 ,
1563 3519 1640 3582 de
1715 3520 1889 3603 pacis
1963 3523 2243 3604 tempore
2319 3523 2513 3586 etiam

552 3659 753 3702 saevo,
865 3637 1039 3702 Haec
1108 3637 1321 3701 omnia
1388 3635 1841 3720 quodammodo
1911 3635 2164 3700 defendi
2224 3642 2506 3721 possunt.

551 3753 672 3820 Sed
718 3755 934 3839 quales
982 3756 1134 3818 sunt
1181 3774 1362 3818 casus
1394 3752 1626 3835 opimi,
1674 3773 1862 3835 qUOS,
1911 3751 2176 3816 eandem
2198 3755 2511 3819 rationem

552 3875 835 3950 secutus,
883 3871 1099 3935 eodem
1146 3873 1365 3933 tenore
1412 3869 1927 3931 commemoratos
1982 3867 2203 3932 vides?
2272 3869 2509 3936 Haere-

549 3986 649 4050 bis
695 3988 765 4049 ni
833 3985 1053 4063 fallor,
1127 3986 1199 4047 ut
1245 3984 1372 4046 iam
1417 3981 1608 4045 multi
1655 3982 1725 4044 in
1771 3981 1990 4047 iisdem
2042 3983 2250 4047 verbis
2296 3985 2510 4051 haese-

552 4104 720 4164 runt.
814 4100 999 4165 Hanc
1060 4100 1139 4163 ob
1199 4120 1448 4163 causam
1517 4097 1766 4181 saepius
1814 4098 1942 4162 iam
1963 4111 1964 4114 ’
1989 4102 2139 4162 sunt
2185 4122 2222 4163 a
2268 4102 2507 4167 criticis

552 4219 794 4281 vexata.
906 4215 994 4279 Ut
1061 4216 1244 4299 plura
1311 4217 1594 4291 taceam,
1665 4212 1826 4276 alius
1890 4217 2159 4295 plenum
2229 4221 2472 4283 casibus
2491 4269 2506 4299 ‚

552 4335 766 4413 opibus
812 4334 1055 4394 casibus
1101 4329 1294 4408 aliuS‚
1345 4328 1506 4392 alius
1553 4328 1825 4415 denique
1873 4335 2214 4418 inopinum
2262 4338 2502 4400 casibus
