3142 5167
1435 1286 1516 1384 L.
1568 1286 1637 1385 S.

649 1757 1022 1819 Continetur
1060 1758 1178 1819 hoc
1215 1756 1416 1818 libello
1429 1800 1444 1831 ‚
1509 1755 1697 1816 lector
1738 1753 1929 1815 amice
1944 1798 1958 1827 ‚
2002 1752 2523 1814 annotatiuncula-

565 1930 703 1972 rum
746 1912 984 1991 farrago
1026 1910 1104 1971 ad
1144 1909 1471 1990 scriptores
1515 1908 1745 1988 aliquot
1787 1905 2060 1980 LatinoS‚
2105 1923 2362 1986 quorum
2403 1905 2523 1965 sin-

567 2067 738 2146 gulos
800 2066 960 2127 locos
1007 2065 1087 2126 ad
1128 2063 1402 2126 criticam
1444 2062 1745 2123 rationem
1786 2058 2085 2138 corrigere
2123 2057 2371 2118 tentavi.
2455 2056 2522 2118 Si

563 2218 720 2278 forte
801 2236 985 2279 unam
1063 2216 1390 2277 alteramve
1457 2214 1743 2295 paginam
1810 2214 1904 2274 vel
1973 2213 2195 2274 cursim
2261 2210 2521 2272 transire

562 2372 845 2453 dignatus
907 2372 1055 2447 eriS‚
1119 2390 1240 2432 non
1302 2371 1562 2433 alienum
1629 2389 1760 2431 esse
1823 2367 2053 2429 videbis
2118 2386 2248 2442 me,
2311 2362 2406 2426 vel
2454 2364 2517 2425 in

555 2485 1142 2588 commendationem
1166 2569 1181 2600 ‚
1245 2524 1339 2585 vel
1400 2524 1464 2584 in
1527 2523 1976 2585 excusationem
2016 2519 2246 2601 potius,
2309 2485 2518 2599 paucis

557 2678 869 2740 consilium
930 2636 1226 2759 exponere
1242 2721 1257 2752 ‚
1290 2676 1484 2762 ‚quod
1544 2676 1607 2762 in
1667 2676 1785 2737 illis
1847 2673 2196 2753 colligendis
2265 2678 2510 2734 secutus

557 2829 691 2890 sim.
773 2830 953 2891 Haud
1024 2799 1204 2891 dubie
1266 2829 1428 2890 enim
1481 2828 1800 2891 miraberis
1817 2873 1864 2905 ‚›
1902 2848 2090 2908 quare
2131 2847 2232 2889 eos
2270 2827 2509 2909 potissi-

557 3004 725 3048 mum
789 2984 1114 3066 scriptores
1167 3002 1204 3045 a
1249 2982 1723 3063 corruptelarum
1767 2981 2045 3044 sordibus
2086 2980 2469 3063 purgaverim
2492 3025 2507 3053 ,

476 3181 481 3190 ·
556 3138 715 3199 circa
777 3155 928 3216 quos
988 3135 1298 3216 aliquanto
1361 3135 1558 3197 rarius
1622 3135 1965 3197 criticorum
2029 3134 2233 3196 studia
2270 3153 2508 3196 versen-

552 3296 670 3351 tur.
755 3287 857 3349 Sic
894 3287 1166 3364 habeto,
1230 3288 1573 3349 studiorum
1634 3308 1733 3349 me
1797 3307 1976 3350 cursu
2029 3289 2186 3349 forte
2226 3288 2304 3349 ad
2345 3286 2509 3348 Lati-

552 3461 770 3506 narum
829 3443 1149 3505 literarum
1189 3449 1589 3503 monumenta
1631 3401 1897 3502 delatum
1941 3460 2098 3517 esse,
2155 3459 2309 3520 quae
2354 3439 2509 3502 Gae-

557 3596 816 3659 sarianis
884 3597 1172 3659 florerent
1240 3597 1634 3678 temporibus.
1734 3596 1804 3656 In
1871 3595 2090 3675 quibus
2153 3614 2341 3676 quum
2402 3595 2508 3656 ali-

552 3748 844 3828 quamdiu
904 3750 1252 3825 haererem,
1316 3757 1559 3831 praeter
1599 3756 1830 3811 cetera
1883 3748 2126 3810 illorum
2165 3756 2506 3829 temporum

550 3900 826 3962 homines
894 3908 959 3961 et
1033 3920 1162 3977 reS‚
1239 3920 1440 3963 mores
1508 3908 1572 3962 et
1641 3900 1878 3975 studia,
1947 3901 2177 3962 cultum
2252 3900 2509 3981 denique

555 4070 797 4113 omnem
862 4052 1196 4113 humanum
1259 4052 1617 4131 civilemque
1678 4051 1927 4133 propius
1988 4070 2344 4129 cognoscere
2383 4059 2510 4114 stu-

556 4205 790 4268 debam.
876 4206 1045 4277 Quae
1104 4208 1218 4269 etsi
1280 4227 1387 4289 per
1449 4208 1716 4269 virorum
1779 4208 2094 4269 doctorum
2134 4206 2338 4268 studia
2376 4227 2511 4288 per-

555 4356 769 4419 multis
810 4358 957 4420 locis
1001 4360 1077 4421 ad
1114 4360 1417 4440 liquidum
1459 4360 1771 4441 explorata
1809 4369 1953 4423 sunt
1968 4406 1983 4437 ‚
2046 4369 2251 4422 tamen
2291 4361 2511 4422 multo-
