3142 5167
1730 499 1890 594 72‘

782 731 917 796 loco
985 734 1424 796 veteranorum
1469 732 1861 801 mentionem
1905 734 2162 811 fecisse,
2227 753 2491 816 quorum
2538 733 2739 798 animi

782 847 1055 914 Antonii
1098 850 1380 914 oratione
1425 852 1491 913 et
1535 850 1967 915 moderatione
2014 850 2211 914 erecti
2258 853 2485 914 essent.
2558 849 2740 926 Quod

779 969 845 1029 et
911 964 1210 1029 viderunt
1273 964 1637 1050 Madvigius
1706 965 1961 1053 (Opusc.
2035 989 2092 1049 p.
2166 966 2294 1030 203
2362 968 2493 1029 not.
2562 965 2624 1049 1)
2670 968 2738 1028 et

778 1080 1016 1144 Bakius
1062 1077 1290 1166 (Schol.
1340 1079 1662 1166 Hypomn.
1710 1081 1761 1145 I.
1812 1105 1872 1166 p.
1929 1082 2113 1166 197),
2160 1082 2272 1165 qui
2316 1081 2481 1146 nihil
2511 1080 2738 1169 melius

779 1196 903 1262 sibi
946 1218 1270 1261 occurrere
1316 1198 1567 1277 scribit,
1633 1220 1822 1283 quam
1868 1202 1941 1262 ut
1986 1199 2237 1283 legatur
2281 1208 2517 1283 quanto
2561 1208 2739 1262 metu

776 1316 1055 1389 incerta,
1127 1322 1371 1397 quanta
1441 1317 1882 1378 sollicitudine.
1948 1315 1987 1376 i.
2036 1337 2089 1378 e.
2140 1337 2447 1397 suspensa
2491 1319 2733 1378 civitas.
2827 1385 2843 1407 x

775 1426 997 1494 Potius
1043 1428 1418 1494 crediderim
1463 1431 1533 1494 in
1579 1437 2053 1495 metuueterani
2097 1430 2293 1495 latere
2318 1441 2732 1495 metuetcura.

776 1543 896 1610 Oui
960 1548 1174 1610 autem
1232 1568 1391 1609 cura
1454 1548 1519 1610 et
1579 1550 1930 1611 sollicitudo
1976 1548 2189 1612 minus
2236 1551 2385 1630 apte
2434 1546 2738 1630 coniungi

774 1679 954 1744 posse
1020 1661 1349 1739 videntur,
1415 1662 1469 1724 is
1516 1661 1819 1745 inspiciat
1865 1661 1954 1725 ad·
1987 1658 2127 1724 Att.
2179 1659 2321 1725 XV.
2378 1664 2478 1725 14.
2527 1658 2607 1724 Α.
2658 1665 2734 1737 33

772 1775 955 1842 Tusc.
1002 1774 1053 1840 Ι.
1104 1778 1210 1841 4Ο.
1261 1778 1363 1841 96.

862 1892 943 1959 In
1008 1893 1248 1959 Anton.
1316 1893 1400 1959 H.
1467 1896 1526 1959 5.
1582 1899 1684 1960 11.
1783 1900 1937 1972 Quis
1982 1903 2202 1958 autem
2247 1917 2466 1959 meum
2512 1916 2733 1958 consu-

773 2013 980 2074 latum
1042 2021 1302 2092 praeter
1366 2020 1425 2075 te
1472 2014 1893 2096 Publiumque
1943 1990 2265 2086 Clodium,
2335 2015 2443 2092 qui
2487 2014 2736 2090 vitupe-

773 2136 983 2204 raret,
1029 2132 1327 2194 inventus
1373 2133 1513 2193 est?
1588 2131 1786 2193 Cuius
1830 2131 2082 2210 quidem
2129 2131 2243 2191 tibi
2271 2131 2488 2208 fatum
2506 2180 2520 2206 ‚
2572 2133 2737 2192 sicut

779 2245 839 2308 C.
913 2245 1178 2308 Curioni
1244 2255 1479 2308 manet.
1572 2219 1875 2308 Manendi
1943 2243 2205 2307 verbum
2250 2244 2549 2328 quoniam
2593 2267 2734 2328 per-

773 2362 964 2442 petuo
1033 2362 1097 2423 et
1165 2361 1484 2425 constanti
1539 2359 1839 2445 loquendi
1884 2382 2003 2423 usu
2047 2345 2481 2425 accusativum
2526 2363 2736 2445 requi-

772 2476 906 2552 rat,
975 2473 1258 2559 plerique
1326 2474 1596 2538 editores
1651 2496 1763 2558 pro
1810 2479 1923 2538 tibi
1969 2477 2034 2537 et
2085 2478 2346 2539 Curioni
2392 2475 2734 2539 substitue·
2781 2515 2786 2520 ·

772 2594 926 2654 runt
972 2599 1032 2657 te
1077 2593 1142 2656 et
1191 2593 1558 2670 Curionem,
1606 2592 1770 2676 quod
1816 2595 1881 2655 et
1926 2592 2268 2656 deteriores
2315 2590 2505 2656 Godd.
2555 2614 2734 2676 prae-

773 2708 945 2773 bent.
1041 2707 1263 2774 Malim
1332 2714 1613 2773 -imanet
1675 2710 1745 2773 in
1810 2714 2108 2774 imminet
2154 2710 2499 2794 corrigere,
2569 2710 2734 2794 quod

771 2826 962 2898 huius
1034 2827 1155 2893 loci
1229 2830 1557 2892 sententae
1631 2828 1867 2911 optime
1944 2827 2280 2892 convenire
2352 2848 2537 2891 nemo
2604 2847 2734 2892 non

773 2942 965 3007 videt.
2116 2951 2119 2953 ’

859 3057 940 3124 In
984 3058 1201 3124 eadem
1237 3057 1344 3123 Or.
1396 3060 1513 3137 25,
1564 3061 1681 3123 62:
1728 3061 1996 3124 Accessit
2042 3069 2116 3122 ut
2167 3062 2432 3123 Caesare
2477 3065 2731 3142 iqnarO,

772 3197 918 3242 cum
965 3184 1119 3238 esset
1164 3178 1270 3238 ille
1314 3177 1788 3251 Alexandreae,
1852 3178 2143 3257 beneficio
2189 3180 2546 3240 amicorum
2590 3179 2726 3237 eius

772 3296 1078 3373 mayister
1144 3297 1427 3374 equitum
1495 3297 2004 3356 constitueretur.
2102 3289 2315 3355 Verba
2373 3313 2519 3355 cum
2580 3298 2736 3354 esset

771 3409 877 3471 ille
935 3409 1374 3471 Alexandreae
1439 3427 1569 3472 non
1616 3404 1938 3484 Ciceroni,
2008 3406 2117 3470 sed
2161 3405 2374 3471 sedulo
2396 3397 2556 3470 'ludi
2577 3427 2734 3470 ‘ma-

736 3595 749 3618 Κ
771 3522 974 3608 gistro
1018 3522 1232 3587 deberi
1278 3522 1591 3587 existimO.
1654 3521 1983 3585 Reiciatur
2027 3521 2229 3605 igitur
2258 3522 2327 3585 in
2355 3520 2731 3605 marginem.

771 3639 995 3724 Neque
1051 3640 1238 3706 aliter
1297 3639 1501 3704 sentio
1565 3638 1643 3703 de
1690 3659 1811 3702 vx.
1858 3643 2018 3720 quod
2064 3643 2168 3718 fas
2212 3661 2342 3701 non
2388 3646 2512 3714 est,
2572 3659 2734 3722 quae

771 3754 1074 3839 leguntur
1143 3756 1259 3831 34,
1329 3754 1412 3818 87
1431 3775 1446 3817 z
1539 3757 1768 3817 Ideone
1837 3756 1908 3818 L.
1989 3756 2375 3833 Tarquinius
2443 3760 2732 3830 emactuS,

774 3873 879 3953 Sp.
959 3873 1243 3949 Cassius,
1323 3872 1428 3952 Sp.
1505 3872 1806 3946 Maelius,
1879 3872 1961 3933 M.
2036 3870 2316 3930 Manlius
2348 3920 2354 3926 .
2383 3871 2593 3930 neeczti
2657 3877 2734 3931 ut

771 3989 994 4050 multis
1055 3994 1199 4067 post
1268 3988 1533 4050 saeculis
1606 4007 1647 4047 a
1717 3987 1799 4048 M.
1871 3986 2177 4061 Antoni0,
2246 3987 2415 4064 quod·
2451 3986 2556 4061 fas
2601 4003 2733 4045 non

771 4112 894 4181 est,
944 4125 1062 4166 rea>
1108 4106 1348 4168 Romae
1395 4106 1936 4167 constitueretur?
2028 4100 2220 4177 Quasi
2266 4113 2413 4164 vero
2458 4098 2733 4163 Romani

771 4216 1036 4282 docendi
1081 4217 1384 4297 fuissent,
1445 4239 1662 4302 regem
1708 4217 1944 4282 Romae
1992 4216 2297 4282 constitui
2342 4215 2518 4279 nefas
2564 4216 2729 4279 esse!

770 4331 1032 4397 Prorsus
1062 4332 1259 4397 simili
1285 4333 1444 4397 vitio
1473 4332 1754 4397 laborare
1786 4332 2081 4398 videntur
2112 4332 2217 4410 27,
2267 4332 2370 4396 67:
2424 4335 2728 4410 Oceanus,
