3142 5167
1670 528 1752 589 46

815 728 883 792 O.
936 732 1051 793 23:
1162 731 1238 792 Ut
1299 733 1555 814 quidem
1617 719 1842 794 isdem*
1878 737 2157 815 vestiqiis
2204 740 2502 799 institisti
2551 743 2690 821 qui-

725 850 837 909 bus
877 868 1116 928 parens
1163 855 1313 909 tuus
1331 894 1346 925 ,
1394 852 1617 929 inqens
1664 851 1827 911 illud
1873 853 2139 913 deorum
2180 855 2557 933 prolaturus
2586 875 2694 915 ar-

727 986 964 1028 canum
982 1012 997 1043 ‚
1065 986 1223 1049 quae
1290 970 1852 1028 circumstantium
1897 971 2179 1048 qaudia!
2241 992 2433 1051 quam
2481 993 2693 1034 recens

727 1083 1000 1143 elamor!
1052 1117 1128 1129 -—-
1180 1079 1384 1144 Immo
1452 1103 1600 1146 vero
1669 1106 1910 1165 repens.
2006 1082 2099 1148 Cf.
2173 1082 2284 1149 Sil.
2355 1084 2497 1150 Ital.
2558 1085 2690 1165 m,

730 1198 892 1262 220:
975 1220 1318 1280 repensque
1390 1200 1616 1262 Castra
1687 1204 1894 1280 quatit
1962 1203 2201 1262 clamor
2217 1225 2242 1274 ;
2313 1197 2468 1265 Stat.
2540 1199 2688 1265 Teb.

727 1313 889 1393 VH,
954 1316 1118 1380 360:
1176 1322 1453 1398 vocisque
1498 1340 1725 1398 repens
1773 1321 2089 1399 sinqultus
2137 1318 2436 1399 apertum
2484 1322 2692 1382 Inter-

726 1439 887 1515 cepit
933 1439 1072 1497 iter.

815 1547 883 1640 Q:
934 1551 1054 1613 46:
1149 1552 1348 1612 Macte
1392 1554 1510 1612 hac
1553 1556 1893 1631 qravitatis
1942 1555 2190 1633 qloria‚
2245 1554 2512 1630 Caesar,
2567 1574 2690 1634 qua

727 1670 1089 1725 consecutus
1158 1685 1220 1725 es
1288 1671 1363 1724 ut
1424 1668 1587 1744 quod
1633 1673 1829 1728 antea
1875 1671 1970 1729 vis
2016 1674 2077 1729 et
2124 1671 2472 1748 imperium
2516 1688 2690 1729 nuno

727 1800 932 1841 mores
1001 1787 1399 1841 vocarentur.
1507 1781 1996 1861 Castiqaverunt
2041 1786 2204 1844 vitia
2249 1803 2370 1844 sua
2414 1786 2539 1863 ipsi
2583 1786 2688 1862 qui

656 1911 695 1936 ''-
729 1873 1034 1976 eastiqari
1055 1895 1496 1984 merebantur,
1545 1897 1862 1975 iidemque
1888 1900 2323 1960 emendatores
2347 1901 2456 1978 qui
2479 1919 2689 1960 emen-

710 2016 929 2075 ·dandi
973 2016 1263 2092 fluerunt.
1326 1987 1548 2093 It⁸aque
1592 2034 1777 2075 nemo
1824 2016 1901 2075 de
1946 2019 2278 2077 severitate
2325 2023 2439 2076 tua
2484 2019 2688 2095 queri-

726 2139 870 2208 tur,
918 2139 978 2193 et
1022 2133 1291 2194 liberum
1337 2131 1429 2192 est
1473 2135 1669 2236 queri.
1707 2167 1773 2176 -—-
1806 2126 2091 2193 Plinium
2137 2117 2254 2194 etsi
2299 2133 2568 2193 liberum
2598 2139 2687 2194 est

726 2252 904 2329 queri
971 2246 1296 2329 scripsisse
1356 2246 1616 2310 conicio.
1712 2243 1926 2310 Facile
1994 2248 2172 2331 pafiet
2241 2247 2570 2311 librarium
2617 2247 2687 2310 in

726 2360 1134 2425 describendo
1157 2360 1554 2450 praeteriisse
1581 2366 1636 2423 si
1660 2358 1737 2423 ob
1762 2360 2247 2424 similitudinem
2270 2359 2590 2443 sequentis
2615 2361 2680 2421 li.

815 2449 905 2543 C..
935 2483 1047 2543 48:
1118 2482 1258 2561 Ipse
1303 2487 1523 2541 autem
1567 2487 1642 2540 ut
1688 2484 1923 2560 ecccipis
1956 2480 2208 2541 omnes!
2254 2488 2328 2540 ut
2359 2478 2684 2558 empeotas!

723 2607 798 2657 ut
865 2616 1171 2678 maynam
1225 2602 1483 2675 partem
1529 2595 1786 2656 dierum
1834 2598 2006 2656 inter
2051 2601 2140 2654 tot
2187 2597 2447 2673 imperii
2492 2611 2682 2654 ouras

723 2718 905 2795 quasi
943 2734 1062 2794 per
1107 2716 1311 2773 otium
1356 2712 1701 2791 transiyis!
1747 2713 1970 2791 Itaque
2000 2731 2130 2772 non
2162 2713 2280 2771 alii
2307 2719 2367 2771 et
2390 2713 2682 2784 attoniti,

722 2851 836 2892 nec
881 2837 955 2890 ut
993 2830 1357 2910 periculum
1403 2832 1631 2908 capitis
1677 2830 1928 2889 adituri
1960 2830 2295 2903 tarditate,
2344 2828 2451 2888 sed
2479 2831 2685 2888 securi

722 2953 783 3008 et
826 2948 1092 3021 hilare3‚
1140 2966 1287 3007 eum
1332 2948 1733 3007 commodum
1780 2953 1904 3020 est,
1952 2927 2381 3007 convenin‘i'uS.
2437 2980 2514 2991 -
2558 2941 2679 3007 Vv.

721 3064 838 3123 alii
905 3069 966 3123 et
1033 3065 1293 3123 attoniti
1361 3059 1452 3122 ita
1521 3058 1839 3142 explicare
1902 3060 2211 3122 conantur
2271 3033 2648 3141 interpretes
2668 3105 2682 3134 ‚

721 3179 901 3262 quasi
946 3178 1342 3261 significent:
1389 3196 1519 3240 non
1566 3176 1770 3240 colore
1808 3175 2115 3260 vulizuque
2157 3176 2281 3239 alio
2312 3178 2376 3239 et
2399 3198 2436 3238 a
2459 3176 2684 3259 pnio‘ri-

721 3294 836 3358 bus
883 3293 1297 3358 demutantes
1369 3290 1572 3354 Fuere
1618 3292 1728 3374 qui
1774 3314 1904 3354 non
1951 3300 2026 3353 ut
2061 3296 2225 3355 alias
2260 3291 2651 3382 praeferrent
2666 3339 2680 3368 ‚

720 3410 886 3494 quod
932 3409 1269 3473 deteriores
1317 3408 1558 3472 codices
1604 3408 1833 3471 habere
1866 3407 2185 3471 videntur.
2256 3406 2480 3492 Apage
2504 3393 2704 3498 inepss'

684 3525 688 3529 ’
719 3526 842 3588 tias
870 3528 884 3588 Ξ
931 3523 1143 3589 Plinio
1186 3522 1571 3587 reddendum
1599 3526 1724 3600 est,
1771 3522 1938 3606 quod
1968 3523 2155 3586 unice
2185 3545 2406 3586 verum
2436 3523 2678 3586 iudico:

718 3666 851 3706 non
896 3647 1079 3706 anoeii
1125 3650 1186 3704 et
1230 3644 1492 3703 attoniti
1504 3686 1699 3702 .....
1751 3643 1858 3702 sed
1883 3645 2089 3702 securi
2117 3646 2176 3701 et
2199 3642 2452 3702 hilares
2504 3637 2596 3701 Of.
2622 3658 2674 3700 e.

723 3764 839 3826 68:
889 3764 1179 3842 suspensi
1222 3767 1282 3821 et
1326 3762 1609 3842 attoniti.

701 3870 705 3873 ’
810 3875 878 3941 C.
953 3880 1070 3941 66:
1162 3879 1341 3939 Iubes
1410 3897 1537 3937 esse
1604 3876 1867 3952 liberos;
1939 3877 2220 3935 erimus:
2290 3875 2460 3934 iubes
2524 3894 2683 3953 quae

720 4003 1030 4061 sentimus
1070 4016 1364 4077 promere
1409 3998 1481 4055 in
1526 3996 1854 4063 medium;
1912 3993 2335 4071 proferemus.
2390 4026 2468 4036 —
2518 3987 2682 4051 Con-

720 4117 934 4179 texizus
991 4112 1270 4176 ostendit
1308 4114 1604 4193 proferre
1651 4106 2092 4192 corrigendum
2138 4127 2290 4169 esse.
2385 4103 2680 4169 Promere
2791 4189 2800 4196 x

720 4232 790 4295 in
836 4231 1115 4295 medium
1160 4250 1316 4293 num
1360 4226 1598 4312 Latin&
1615 4207 1805 4326 Qe'etse
1851 4224 2098 4288 dicatur
2143 4222 2380 4287 dubim.

809 4347 877 4411 G.
906 4347 1046 4418 ³68:
1103 4350 1322 4428 Itaque
1367 4351 1628 4418 seeum
1670 4327 1889 4430 {fflijt
1933 4345 2137 4404 laetus
2183 4345 2315 4404 dies
2362 4347 2520 4418 exit,
2569 4348 2679 4424 qui
