3142 5167
1458 520 1541 583 25

523 746 711 809 quam
774 725 1023 809 regium
1076 726 1142 787 et
1185 723 1443 788 humile.
1540 724 1699 790 Levi
1746 726 1950 811 igitur
1995 723 2487 808 transpositione

522 840 862 924 legendum
930 841 1086 904 erit:
1156 847 1212 905 si
1274 865 1353 906 ex
1398 846 1627 907 altiore
1672 849 1930 926 fasti9io
1978 850 2049 907 in
2094 846 2368 918 humile,
2416 847 2488 905 in

516 962 853 1039 privatum
899 980 978 1021 ex
1022 963 1191 1039 reqio
1237 962 1629 1023 subducitur.

606 1073 727 1157 Ep.
778 1076 898 1149 82,
947 1074 1066 1135 21;
1159 1075 1375 1136 Dices:
1430 1079 1633 1157 >quod
1681 1082 1928 1142 malum
1974 1088 2099 1154 est,
2144 1080 2484 1158 9loriosum

520 1213 652 1254 non
697 1199 821 1253 est:
870 1212 1038 1252 mors
1084 1193 1356 1271 qloriosa
1403 1198 1530 1251 est:
1578 1212 1749 1253 mors
1795 1213 1937 1273 erqo
1957 1203 1962 1208 ’
1983 1212 2115 1256 non
2161 1193 2486 1257 malum''⁶)

525 1310 576 1371 Ο
619 1310 940 1388 efficacem
1002 1308 1395 1368 contionem!
1443 1342 1525 1352 —-
1574 1301 1946 1370 Necessario
2002 1306 2343 1391 legendum
2390 1310 2487 1371 est

519 1424 971 1488 conlectionem
986 1447 1011 1502 ,·
1088 1425 1358 1485 collectio
1431 1421 1606 1484 enim
1674 1422 1841 1505 apud
1903 1419 2204 1488 Senecam
2251 1423 2487 1488 dicitur

518 1541 1015 1626 argumentati0‚
1062 1561 1187 1623 qua
1230 1539 1608 1624 quibusdam
1653 1540 1879 1623 positis
1926 1541 2101 1604 aliud
2160 1541 2486 1626 quidpiam

518 1657 844 1742 colligitur
909 1666 976 1721 et
1039 1655 1493 1722 concluditur..
1548 1653 1643 1719 Of.
1693 1656 1813 1740 Ep.
1864 1658 1949 1721 45
1970 1706 1985 1736 ‚
2035 1659 2114 1734 83
2165 1659 2247 1722 85
2267 1709 2284 1738 ‚
2335 1662 2374 1722 3
2422 1662 2487 1723 et

517 1773 704 1837 huius
751 1773 951 1856 ipsius
996 1773 1116 1856 Ep.
1167 1774 1202 1856 ξ
1252 1775 1310 1835 9.

606 1889 724 1974 Ep.
777 1891 895 1968 83,
949 1891 1063 1953 19:
1162 1892 1360 1954 Omne
1404 1893 1641 1951 vitium
1686 1892 1952 1952 ebrietas
1999 1900 2057 1953 et
2102 1896 2386 1955 incendit
2427 1902 2487 1954 et

519 2012 766 2089 deteyit.
817 2046 899 2054 —-
947 2006 1150 2071 Immo
1197 2027 1344 2070 vero
1391 2009 1665 2068 ostendit
1710 2015 1771 2067 et
1817 2010 2066 2087 deteyit.
2139 2004 2232 2069 Of.
2282 2008 2317 2091 ς
2365 2008 2482 2070 20:

520 2146 649 2188 non
695 2128 855 2204 facit
901 2128 1166 2187 ebrietas
1214 2128 1375 2186 vitia
1420 2127 1529 2185 sed
1567 2127 1911 2204 protrahit.

607 2240 725 2323 Ep.
777 2241 890 2317 89,
940 2244 1009 2304 4:
1080 2242 1415 2321 Sapientia
1454 2242 1820 2321 perfectum
1864 2243 2099 2304 bonum
2130 2249 2221 2303 est
2252 2233 2486 2303 mentis

519 2360 862 2419 humanae.
928 2360 1328 2438 philosophia
1396 2361 1753 2438 sapientiae
1799 2378 1983 2420 amor
2029 2366 2120 2420 est
2168 2368 2226 2421 et
2273 2362 2487 2438 adfec-

520 2476 696 2533 tatio.
772 2474 925 2533 haec
992 2475 1301 2548 ostendit,
1372 2493 1491 2553 quo
1537 2473 1652 2533 illa
1691 2476 2002 2552 pervenit.
2057 2509 2133 2519 -
2181 2470 2487 2552 Senecam

522 2611 589 2651 eo
635 2567 841 2651 tendit
886 2588 1211 2672 scripsisse
1259 2587 1398 2652 luce
1445 2588 1798 2653 meridiana
1843 2589 2066 2672 opinor
2100 2589 2331 2654 clarius
2370 2593 2484 2655 est.

609 2704 728 2787 Ep.
756 2705 902 2781 92,
954 2705 1070 2780 25;
1162 2705 1569 2768 Incredibilia
1637 2707 1814 2766 nobis
1884 2708 2036 2768 haec
2082 2710 2384 2770 videntur
2427 2714 2490 2768 et

522 2842 723 2902 supra
789 2823 1151 2882 humanam
1210 2827 1525 2881 naturam
1591 2823 2023 2881 excurrentia.
2105 2856 2173 2865 -—
2230 2817 2490 2883 Gonicio

524 2941 937 3019 exsurqentia
984 2935 1388 3000 scribendum
1434 2956 1589 2998 esse.

610 3053 728 3137 Ep.
802 3053 916 3131 95,
988 3053 1107 3115 25:
1204 3055 1413 3128 Quam
1480 3054 1655 3131 foedi
1728 3055 1944 3133 itaque
2006 3055 2491 3135 pestilentesque

523 3178 742 3233 ructus
810 3178 962 3233 sunt
980 3216 996 3246 ‚
1071 3177 1388 3250 quantum
1457 3171 1805 3248 fastidium
1873 3174 1976 3232 sui
2043 3174 2490 3236 exhalantibus

524 3274 882 3368 crapulam‘
906 3287 1223 3349 veterem!
1273 3323 1354 3332 ——
1408 3283 1726 3349 Ultimum
1769 3285 2144 3349 vocabulum
2191 3286 2491 3371 deprava-

444 3462 450 3478 ,
523 3406 663 3467 tum
731 3403 1025 3467 existimo
1093 3424 1170 3466 ex
1238 3407 1603 3467 hesternam
1624 3451 1639 3480 ,
1712 3404 1876 3487 quod
1940 3404 2070 3467 fere
2115 3408 2491 3489 perpetuum

524 3541 582 3584 v.
632 3522 901 3601 crapula
960 3518 1291 3601 epitheton
1356 3519 1489 3581 tam
1557 3518 1725 3603 apud
1771 3519 1929 3582 alios
1976 3519 2314 3603 scriptores
2360 3512 2457 3584 est
2475 3570 2489 3599 ‚

526 3658 715 3719 quam
780 3634 947 3719 apud
998 3635 1208 3717 ipsum
1253 3630 1577 3726 Senecam..
1671 3633 1764 3697 Of.
1813 3633 1933 3719 Ep.
1989 3637 2114 3698 122
2135 3682 2150 3711 ‚
2200 3638 2272 3711 23
2319 3634 2485 3701 Dial.

524 3751 614 3826 X,
667 3753 780 3830 14,
831 3755 891 3815 4.
1350 3759 1353 3762 '

611 3866 730 3949 Ep.
766 3866 880 3943 97,
933 3865 1043 3928 11:
1113 3867 1255 3927 Non
1287 3867 1522 3945 qaudet
1550 3870 1807 3946 navigio
1838 3868 2222 3947 qubernator
2252 3889 2488 3946 everso,

525 4002 655 4043 non
698 3983 933 4062 qaudet
978 3999 1163 4059 aeqro
1212 3981 1493 4041 medicus
1541 3982 1737 4055 elat0‚
1784 4001 1915 4042 non
1959 3984 2194 4062 qaudet
2240 3991 2488 4060 orator,

527 4104 582 4160 si
637 4102 903 4180 patroni
968 4098 1159 4176 culpa
1210 4116 1355 4157 reus
1404 4098 1645 4157 cecidit.
1696 4132 1785 4142 —
1830 4094 2037 4171 Quum
2082 4095 2159 4159 de
2206 4095 2489 4161 cladibus

525 4214 586 4277 h.
658 4214 726 4277 1.
773 4216 1000 4298 agatur
1024 4261 1039 4290 ‚
1109 4232 1267 4298 quae
1336 4211 1514 4275 nullo
1583 4211 1765 4276 modo
1836 4212 2117 4296 reparari
2186 4219 2451 4297 possunt
2472 4264 2488 4294 ‚

2117 4375 2121 4379 -
2180 4332 2223 4391 4
