3142 5167
1676 489 1758 552 74

827 694 989 761 Ibid.
1060 700 1135 774 4,
1201 698 1319 759 11:
1419 699 1587 772 Quid
1635 698 1733 758 illi
1778 700 2093 760 immanes
2138 706 2433 777 quaestus
2479 700 2692 777 feren-

731 817 905 891 dine,
952 796 1103 895 quos
1151 815 1233 877 M.
1285 815 1552 875 Antonii
1600 820 1735 875 tota
1780 816 2077 876 exhausit
2114 816 2381 876 domus?
2427 816 2690 876 Decreta

727 931 900 1007 falsa
945 931 1279 1006 vendebat,
1308 934 1562 1010 'reyna‚
1611 933 1929 1012 civitates,
1978 933 2421 992 immunitates
2467 933 2539 993 in
2582 953 2688 994 aes

729 1052 983 1125 accepta
1045 1050 1324 1126 pecunia
1396 1047 1646 1108 iubebat
1707 1048 1923 1106 incidi.
2020 1044 2222 1129 [Haec
2286 1067 2351 1109 se
2398 1068 2476 1111 ex
2522 1067 2686 1110 com-

728 1160 1058 1224 mentariis
1132 1160 1199 1225 G.
1278 1159 1603 1239 Caesarie,
1679 1182 1948 1246 quorum
2016 1162 2151 1246 ipse
2222 1166 2441 1228 auctor
2508 1166 2644 1227 erat
2669 1212 2683 1241 ‚

729 1297 915 1360 agere
976 1276 1274 1360 dicebat]
1368 1279 1666 1340 Calebant
1729 1282 1801 1339 in
1847 1282 2151 1341 interiore
2195 1282 2455 1342 aedium
2500 1288 2685 1361 parte

726 1398 919 1456 totius
987 1399 1081 1457 rei
1131 1396 1417 1473 publicae
1461 1396 1815 1455 nundinae.
1871 1427 1950 1437 ——
2003 1390 2214 1457 Verba
2231 1443 2247 1471 ‚
2296 1415 2455 1477 quae
2500 1394 2682 1457 uncis

726 1507 991 1585 inclusi,
1039 1508 1109 1572 in
1153 1508 1365 1572 nescio
1413 1508 1593 1572 ouius
1638 1506 2051 1572 Grammatici
2097 1509 2333 1573 scholia
2364 1510 2681 1575 reicienda

726 1626 1052 1704 existim0‚
1121 1626 1224 1689 cui
1290 1625 1731 1709 praecedentia
1799 1627 2325 1710 interpretatione
2395 1627 2681 1712 indigere

728 1740 864 1803 visa
907 1742 1077 1803 sunt.
1162 1739 1649 1824 Interrumpunt
1697 1741 1869 1805 enim
1915 1744 1979 1826 et
2025 1742 2382 1826 impediunt
2430 1764 2681 1808 cursum

729 1854 1030 1918 orationis
1077 1855 1443 1919 concitatae.
1471 1893 1556 1904 -
1580 1852 1811 1919 Nescio
1856 1877 1938 1918 an
1985 1857 2266 1920 eiusdem
2311 1879 2536 1922 manus
2574 1858 2682 1922 ad-

729 1969 1150 2034 ditamentum
1216 1970 1466 2054 legatur
1534 1971 1605 2033 in
1658 1991 1824 2053 seqq.
1875 1972 1935 2056 (ξ
1988 1971 2127 2055 12):
2224 1976 2436 2054 Neque
2481 1976 2683 2037 solum

730 2090 1206 2148 commentariis
1258 2088 1714 2147 commenticiis
1759 2088 2315 2166 chiroqraphisque
2360 2090 2685 2150 venalibus

731 2203 1220 2264 innumerabilis
1259 2204 1538 2282 pecunia
1585 2209 1874 2281 conqesta
1921 2204 1993 2261 in
2040 2203 2220 2262 illam
2266 2205 2529 2264 domum
2562 2210 2684 2278 est,

732 2340 911 2395 cum,
957 2340 1119 2399 quae
1163 2319 1467 2379 vendebat
1511 2317 1857 2392 Antonius,
1906 2336 1979 2378 ea
2026 2337 2089 2378 se
2134 2339 2214 2379 eoe
2258 2322 2416 2380 actis
2466 2319 2689 2380 Gaesa-

734 2423 826 2494 ris
872 2452 1056 2513 a9ere
1100 2434 1357 2506 diceret,
1406 2431 1513 2491 sed
1557 2437 1817 2490 senatus
1865 2433 2062 2491 etiam
2098 2434 2384 2494 consulta
2413 2436 2691 2512 pecunia

735 2555 991 2628 accepta
1035 2548 1205 2625 falsa
1251 2547 1580 2624 referebat.
1676 2540 1905 2606 Verbis
1951 2566 2098 2607 cum
2125 2582 2205 2591 —
2238 2549 2473 2609 diceret
2519 2544 2692 2608 enim

736 2660 1088 2745 explicatur
1132 2659 1509 2742 praecedens
1555 2664 2039 2737 commenticiis,
2087 2660 2352 2724 minime
2401 2682 2541 2725 vero
2581 2682 2691 2744 pe·
2796 2669 2805 2674 ’

737 2777 959 2841 cuniae
1027 2776 1096 2839 in
1141 2771 1415 2839 Antonii
1460 2773 1716 2838 domum
1764 2774 2088 2858 congestio
2111 2823 2125 2852 ‚
2196 2775 2359 2858 quod
2403 2778 2656 2859 putares
2674 2824 2689 2854 ,

734 2895 789 2957 si
857 2915 963 2972 ec,
1032 2914 1153 2978 quo
1222 2911 1396 2957 nunc
1464 2890 1534 2954 in
1605 2888 1741 2953 edd.
1793 2892 2047 2973 recepta
2091 2893 2272 2968 sunt,
2344 2890 2560 2955 ordine
2604 2889 2695 2952 le-

730 3013 989 3095 guntur.

819 3129 899 3193 In
964 3125 1203 3191 Anton.
1255 3123 1368 3189 VI.
1425 3125 1479 3187 1.
1533 3128 1612 3188 3:
1704 3128 2027 3187 Hodierno
2075 3132 2295 3188 autem
2342 3128 2445 3187 die
2488 3131 2694 3189 nescio

731 3270 856 3330 qua
903 3251 990 3310 eis
1036 3249 1268 3307 obiecta
1313 3266 1383 3305 re
1427 3246 1755 3305 remissior
1786 3250 2045 3306 senatus
2069 3247 2221 3322 fuit.
2254 3281 2334 3289 —-
2355 3241 2435 3307 In
2456 3243 2694 3326 optimo

731 3361 877 3435 Ood.
945 3359 1107 3424 Ven.
1172 3360 1325 3422 haec
1393 3358 1484 3421 ita
1552 3358 1892 3442 leguntur:
1985 3362 2307 3422 Hodierno
2369 3364 2502 3423 dies
2562 3383 2692 3423 non

730 3490 821 3545 est
880 3502 1060 3561 pene.
1156 3479 1293 3539 Scio
1361 3481 1583 3557 quaeis
1643 3478 2015 3540 obiectarem
2062 3483 2388 3540 remissior
2432 3485 2692 3541 senatus

674 3573 681 3578 .
730 3604 895 3681 fuit,
965 3596 1055 3660 ita
1120 3596 1334 3657 tamen
1402 3595 1476 3655 ut
1543 3614 1674 3654 non
1744 3601 1835 3655 est
1898 3596 2275 3676 punctatum
2322 3595 2426 3657 sit.
2520 3592 2690 3669 Quae

730 3706 969 3778 Rarius
1013 3713 1129 3775 hoc
1174 3708 1355 3772 modo
1403 3706 1795 3773 emendanda
1847 3707 2131 3772 censuit:
2201 3712 2523 3771 Hodierno
2553 3704 2687 3785 die,

724 3833 902 3911 pacis
969 3830 1175 3889 nescio
1243 3845 1369 3904 qua
1414 3826 1650 3886 obiecta
1696 3845 1837 3903 spe,
1908 3827 2232 3886 remissior
2277 3831 2454 3899 cett.‚
2524 3821 2689 3905 quod

728 3945 913 4008 laudo
980 3945 1046 4006 et
1111 3938 1329 4025 probo,
1400 3938 1774 4022 praesertim
1842 3958 2038 4021 quum
2108 3959 2322 4000 eorum
2379 3938 2688 4002 rationem

727 4058 951 4136 habe0‚
997 4078 1155 4142 quae
1202 4054 1308 4119 Or.
1360 4053 1429 4116 in
1474 4049 1630 4115 Ant.
1681 4049 1827 4115 VH.
1865 4056 1924 4115 4.
1964 4055 2044 4116 13
2075 4052 2409 4137 leguntur:
2451 4057 2686 4134 postri-

727 4182 831 4240 die
858 4157 1144 4258 ad'spem
1176 4178 1323 4238 estis
1347 4178 1613 4235 inanem
1636 4175 1815 4251 pacis
1841 4173 2136 4234 devoluti.
2188 4168 2444 4233 Mallem
2469 4172 2685 4232 tamen

727 4293 965 4358 Ravius
1027 4292 1158 4356 cod.
1209 4289 1591 4372 scripturam
1636 4288 2684 4368 diespeneseioquaeisobiectarem-
