3142 5167
1368 513 1444 576 15

511 721 635 800 VI,
686 727 760 800 3,
811 725 888 785 2:
979 720 1214 802 Raptis
1282 720 1511 783 totiens
1556 721 1955 802 adfinitum,
2018 721 2376 802 amicitiae,

427 841 653 922 colleyii
719 838 1074 918 foederibus
1136 839 1308 901 inter
1353 841 1798 900 contendentes
1844 841 2001 900 duos
2047 846 2378 902 terrarum

421 958 575 1020 orbis
634 956 828 1019 elisus
873 964 981 1018 est.
1037 991 1114 1001 -
1164 952 1588 1017 Praetulerim
1632 955 1877 1018 divisus
1923 963 2031 1017 est.
2081 953 2174 1018 Of.
2224 953 2374 1020 Nat.

420 1071 669 1147 Quaest:
714 1069 775 1148 Ι,
823 1071 980 1154 prol.
1033 1072 1106 1134 8:
1155 1074 1268 1132 hoc
1312 1078 1403 1132 est
1435 1071 1597 1132 illud
1619 1079 1940 1152 punctum
1959 1117 1973 1146 ,
2020 1074 2182 1151 quod
2211 1073 2380 1136 inter

419 1198 503 1252 tot
546 1197 760 1270 qentes
806 1192 979 1267 ferro
1027 1195 1086 1250 et
1126 1189 1270 1269 iqne
1315 1188 1648 1250 dividitur.

504 1304 570 1369 G.
622 1307 707 1370 38
731 1351 745 1380 ,
796 1308 871 1368 3:
938 1306 1115 1367 Miles
1162 1306 1392 1366 bellum
1438 1312 1649 1385 optat,
1698 1305 1755 1366 si
1798 1303 2087 1385 yloria‘m.
2136 1305 2379 1386 ayrico-

419 1424 547 1484 lam
631 1443 928 1484 annonae
1011 1421 1250 1483 caritas
1331 1421 1534 1502 eriqit.
1622 1422 2012 1503 eloquentiae
2089 1422 2379 1502 pretium

422 1548 698 1621 exceptat
743 1539 962 1601 litium
1007 1560 1336 1600 numerus.
1382 1573 1452 1585 -—
1495 1535 1690 1601 Varie
1723 1537 1828 1601 hic
1872 1537 2046 1601 locus
2092 1538 2378 1601 tentatus

421 1655 513 1717 est
587 1675 625 1715 a
694 1653 849 1716 viris
918 1652 1117 1716 doctis
1143 1700 1158 1730 ‚
1228 1672 1494 1735 quorum
1560 1653 1692 1716 fere
1759 1672 1945 1716 nemo
2015 1672 2144 1716 non
2215 1652 2379 1716 vidit

419 1779 705 1853 earceptat
760 1770 1041 1853 spuriam
1089 1789 1305 1832 vocem
1351 1789 1503 1831 esse.
1599 1766 1656 1831 Ε
1703 1768 2085 1832 coniecturis
2131 1772 2344 1833 autem
2363 1817 2378 1847 ‚

416 1886 642 1970 quibus
690 1885 921 1949 vitium
967 1906 1188 1949 sanare
1236 1884 1446 1948 conati
1493 1886 1674 1960 sunt,
1722 1883 1900 1947 nulla
1945 1886 2101 1947 satis
2147 1885 2374 1968 placet.

419 2002 721 2068 Omnium
790 2003 1071 2086 proxime
1118 2001 1197 2065 ad
1244 2001 1568 2084 scriptoris
1616 2001 2002 2063 sententiam
2047 2000 2378 2064 Bentleius

418 2121 751 2186 accessisse
822 2119 1106 2198 videtur,
1177 2118 1286 2202 qui
1356 2118 1459 2203 (ad
1519 2115 1674 2181 Hor.
1725 2115 1931 2180 Garm.
1980 2114 2046 2195 I,
2096 2120 2181 2180 34
2202 2164 2216 2193 ‚
2271 2117 2379 2201 13)

417 2243 658 2303 exaltat
702 2237 1160 2303 emendandum
1207 2239 1382 2299 ratus
1429 2238 1542 2298 est.
1614 2232 1736 2299 Sed
1781 2238 2062 2297 exaltare
2090 2239 2377 2316 pretium

416 2351 632 2417 dubito
677 2374 761 2416 an
807 2352 972 2436 apud
1020 2372 1396 2435 quemquam
1442 2351 1816 2434 scriptorem
1864 2349 2169 2414 invenias
2243 2348 2378 2413 Me-

419 2469 639 2532 decina
685 2469 960 2553 petenda
1004 2468 1258 2531 videtur
1302 2488 1379 2531 ex
1426 2467 1561 2531 loco
1583 2515 1597 2544 ‚
1644 2467 1756 2551 qui
1802 2465 2041 2550 legitur
2088 2465 2197 2529 lib.
2249 2463 2381 2530 VII

412 2587 484 2651 de
553 2586 773 2650 Benef.
856 2587 895 2649 9
917 2634 931 2663 ,
1004 2590 1080 2650 3:
1166 2587 1351 2649 Video
1419 2586 1564 2648 istic
1634 2585 2038 2665 crystallina,
2109 2605 2381 2665 quorum

416 2704 696 2767 accendit
740 2704 1066 2784 fraqile'tas
1106 2703 1414 2783 pretium.
1484 2697 1867 2784 Analogiam
1915 2703 2169 2764 secutus
2215 2699 2382 2763 haud

421 2821 623 2905 inepte
696 2820 981 2884 conicere
1050 2820 1251 2903 possis
1319 2818 1456 2882 loco
1478 2866 1492 2895 ‚
1564 2839 1755 2901 quem
1809 2838 1998 2901 supra
2043 2820 2375 2894 annotavi,

425 2934 712 3003 Senecam
781 2939 1014 3000 ercae'tat
1082 2935 1449 3018 scripsisse,
1529 2934 1830 3017 quoniam
1898 2935 2174 2998 excitare
2249 2935 2381 2996 fere

420 3053 676 3116 eandem
743 3051 876 3115 vim
943 3049 1131 3114 habet
1197 3070 1387 3133 quam
1455 3053 1795 3112 accendere
1821 3096 1836 3125 ,
1907 3047 2044 3118 ubi,
2085 3047 2161 3111 de
2229 3049 2381 3132 igne

416 3189 616 3231 sermo
662 3170 759 3231 est
787 3215 801 3244 ‚
872 3168 949 3231 cf.
1001 3164 1174 3230 Caes.
1247 3166 1319 3230 Β.
1370 3164 1446 3228 G.
1498 3163 1663 3241 VH,
1714 3169 1833 3240 243
1880 3162 2017 3227 Iuv,
2068 3161 2197 3227 Sat.
2246 3163 2380 3241 HI,

418 3287 562 3349 262.
654 3284 860 3361 Quum
905 3307 1052 3349 vero
1100 3285 1292 3349 etiam
1340 3290 1614 3349 excitare
1657 3289 1941 3369 pretium
1988 3284 2125 3347 sine
2173 3305 2381 3348 exem-

418 3402 518 3484 plo
567 3402 688 3480 sit,
737 3403 948 3467 nescio
970 3425 1077 3487 „an
1123 3403 1360 3467 rectius
1405 3403 1736 3485 tutiusque
1782 3405 1847 3466 et
1892 3402 1953 3466 h.
2005 3402 2046 3465 1.
2098 3406 2383 3467 accendit

419 3521 811 3584 restituatur.

986 3844 1332 3907 NATURALES
1376 3841 1809 3916 ΟυΑΕὸΤΙΟΝΕὸ.

507 3983 646 4048 Lib.
718 3983 753 4048 I
775 4032 789 4061 ‚
859 3984 1013 4068 prol.
1089 3990 1166 4050 4:
1259 3985 1571 4065 Equidem
1640 3993 1795 4046 tunc
1837 3993 2119 4047 naturae
2162 4001 2383 4043 rerum

419 4104 660 4185 qratias
706 4125 852 4185 ayo,
900 4125 1048 4167 cum
1093 4103 1277 4166 illam
1321 4123 1451 4164 non
1497 4105 1572 4164 ab
1618 4107 1736 4164 hac
1776 4109 1966 4182 parte
2009 4100 2187 4161 video
2225 4118 2384 4177 quae

414 4219 666 4299 publica
739 4227 831 4282 est
846 4267 864 4296 ‚
936 4222 1044 4281 sed
1111 4238 1256 4279 cum
1321 4223 1657 4280 secretiora
1701 4217 1839 4278 eius
1884 4214 2163 4290 intravi,
2234 4233 2381 4274 cum

420 4335 584 4412 disco
651 4356 809 4415 quae
853 4334 1141 4398 universi
1186 4333 1466 4397 materia
1512 4334 1597 4395 sit
1648 4377 2028 4396 .........
2109 4331 2251 4394 Nisi
2295 4332 2381 4393 ad
