3142 5167
1421 529 1456 596 7

480 743 854 807 consolatori
920 764 984 807 se
1031 743 1191 807 Areo
1217 790 1231 807 .
1260 790 1275 808 .
1306 790 1320 807 .
1353 790 1367 807 .
1431 744 1749 828 praebuit.
1844 744 2019 823 Quod
2063 748 2275 814 nescio
2341 770 2425 814 an

478 859 667 923 nimis
711 860 1008 925 audacter
1032 863 1407 926 ·correctum
1459 862 1585 942 sit,
1634 865 1803 928 certe
1862 865 2231 951 ambiguum
2274 889 2424 954 quo-

468 973 793 1039 dammodo
839 996 1092 1039 sensum
1136 976 1410 1060 praebet.
1482 974 1704 1041 Potius
1750 975 2051 1044 Senecam
2096 981 2422 1065 scripsisse

464 1087 957 1154 existimaverim
1008 1092 1318 1156 consolari
1386 1114 1450 1156 se
1492 1094 1653 1155 Areo
1678 1138 1694 1155 .
1723 1138 1737 1155 .
1767 1140 1782 1155 .
1842 1094 2158 1175 praebuit.
2220 1092 2420 1161 Verbi

458 1208 760 1287 praebere
830 1227 881 1271 c.
951 1207 1063 1272 inf.
1114 1209 1416 1294 argentea
1484 1207 1829 1273 latinitatis
1873 1212 2080 1275 aetate
2125 1212 2419 1299 frequens

458 1343 611 1392 usus
657 1325 771 1388 est.

547 1437 614 1502 G.
650 1439 707 1505 ‘6
732 1488 748 1519 ‚
796 1444 878 1505 2:
926 1442 983 1505 si
1008 1462 1140 1506 sors
1185 1443 1434 1507 inmota
1481 1452 1543 1506 et
1586 1443 1659 1507 in
1703 1453 2039 1509 aeternum
2069 1448 2207 1529 fioea
2230 1449 2416 1512 nulla

457 1559 723 1623 miseria
791 1567 1089 1622 mutatur
1134 1569 1195 1623 ct
1261 1582 1432 1624 mors
1478 1562 1699 1626 renuit
1720 1560 2040 1645 quicquid
2107 1563 2414 1644 abstulit,

457 1676 712 1739 desinat
769 1678 962 1755 dolor,
1010 1676 1119 1759 qm·
1158 1654 1348 1759 fierit.
1398 1710 1486 1724 -
1529 1675 1697 1742 Vide
1744 1678 1832 1742 sis
1877 1698 1961 1742 an
2006 1698 2138 1744 non
2181 1680 2416 1745 retinet

460 1790 848 1856 emendatior
893 1794 958 1855 et
1004 1792 1213 1858 sanior
1256 1791 1448 1857 lectio
1494 1792 1598 1856 sit.

541 1904 608 1971 G.
662 1910 721 1988 8,
770 1912 851 1972 2:
900 1911 1117 1973 Marcet
1160 1909 1414 1992 quidem
1458 1909 1612 1986 tibi,
1660 1907 1946 1986 Marcia,
1994 1907 2193 1973 etiam
2238 1929 2416 1973 nunc

460 2023 682 2105 inqens
728 2025 999 2089 tristitia
1022 2075 1037 2090 .
1065 2075 1079 2089 .
1110 2074 1124 2090 .
1172 2049 1305 2090 non
1350 2027 1464 2090 illa
1524 2026 1881 2102 concitata,
1929 2025 2135 2106 qualis
2179 2024 2254 2088 in
2299 2024 2414 2088 illa

459 2140 592 2220 fuit
610 2188 625 2218 ‚
697 2145 804 2205 scol
842 2144 1153 2224 pertinaoe
1219 2151 1279 2206 et
1324 2142 1660 2206 obstinata.
1753 2139 1892 2206 Iam
1937 2138 2091 2204 olim
2136 2139 2409 2204 editores

457 2254 757 2319 vitiosum
824 2276 958 2320 esse
1004 2256 1301 2322 viderunt
1369 2258 1500 2321 illa.
1572 2254 1929 2322 Gronovius
1974 2255 2127 2319 satis
2173 2257 2413 2320 temere

454 2371 640 2436 initio
687 2371 902 2436 edidit.
998 2371 1368 2458 Corrigere‚
1416 2374 1639 2458 opinor
1665 2420 1681 2452 ,
1727 2372 2030 2438 debuerat
2091 2373 2294 2455 qualis
2340 2375 2414 2436 in

456 2489 626 2550 Iulia
671 2489 805 2569 fuit
852 2488 991 2554 coll.
1043 2511 1201 2573 quae
1246 2488 1550 2575 leguntur
1597 2510 1647 2553 c.
1700 2492 1759 2553 4.

538 2602 603 2668 G.
660 2605 741 2669 18
768 2653 783 2684 ,
831 2606 870 2669 5
919 2603 1234 2692 [Offerent
1301 2628 1367 2670 se
1413 2605 1612 2671 oculis
1658 2605 1816 2691 tuis]
1886 2606 2119 2670 adiuta
2189 2610 2414 2687 fructu

456 2743 614 2802 scqes
634 2730 697 2785 et
719 2725 981 2787 arbusta
1004 2724 1143 2787 sinc
1165 2724 1403 2786 cultore
1425 2722 1730 2803 feritatis,
1760 2732 1858 2771 —-'
1872 2718 2072 2785 Miror
2096 2719 2410 2787 Haasium

462 2835 732 2920 ineptam
797 2837 1138 2903 lectionem
1182 2842 1408 2918 fructu
1450 2836 1781 2921 recepisse.
1877 2834 2014 2900 Iam
2061 2836 2407 2902 editionem

466 2946 724 3016 Gronov.
772 2951 1002 3017 habere
1040 2951 1241 3028 vide0‚
1288 2949 1453 3034 quod
1498 2949 1686 3014 unice
1725 2969 1946 3013 verum
1971 2949 2133 3012 mihi
2160 2950 2413 3014 videtur

459 3069 644 3132 cultu.
698 3066 821 3133 Sed
866 3089 948 3132 ne
993 3060 1255 3131 arbusta
1299 3064 1553 3151 quidem
1597 3064 1927 3128 ferendum
1971 3067 2142 3149 puto.
2202 3060 2408 3128 Num-

453 3205 638 3268 quam
704 3186 875 3249 enim
943 3184 1082 3248 fieri
1149 3185 1361 3268 potest
1384 3230 1399 3261 ‚
1472 3184 1545 3246 ut
1590 3204 1756 3264 seqes
1802 3183 1868 3245 et
1926 3184 2189 3245 arbusta
2231 3184 2408 3247 recte

451 3299 618 3364 inter
687 3322 752 3366 se
824 3301 1238 3385 opponantur.
1313 3297 1479 3374 Quid
1521 3320 1592 3362 re
1660 3320 1808 3363 vera
1877 3296 2282 3363 scribendum
2327 3298 2413 3362 sit

450 3417 630 3481 docet
673 3416 846 3480 locus
882 3417 965 3481 'in
1010 3415 1176 3481 Dial.
1233 3413 1381 3493 VH,
1432 3415 1492 3494 9,
1542 3418 1624 3479 2:
1674 3417 1853 3481 Siout
1897 3417 1969 3479 in
2017 3435 2204 3493 arvo,
2251 3421 2412 3497 quod

450 3535 643 3617 seqeti
706 3535 1094 3617 proscissum
1140 3544 1232 3599 est
1256 3582 1271 3612 ‚
1340 3536 1540 3616 aliqui
1586 3539 1770 3617 flores
1838 3537 2410 3614 internascuntur,

449 3670 579 3711 non
649 3656 868 3711 tamen
912 3649 1060 3712 huic
1105 3650 1441 3726 herbulae,
1510 3650 1800 3731 quamvis
1846 3651 2102 3712 delectet
2169 3652 2410 3727 oculos,

452 3739 713 3827 tantum
762 3764 967 3846 operis
1008 3765 1416 3846 insumptum
1463 3772 1571 3827 est.
1628 3762 1888 3849 Corrige
1934 3764 2137 3849 igitur
2180 3765 2412 3828 adiuta

452 3881 631 3942 cultu
699 3900 863 3961 seqes
931 3888 991 3943 et
1035 3881 1330 3943 herbulae
1396 3878 1533 3942 sine
1580 3881 1817 3942 cultore
1889 3879 2196 3960 feritatis,
2275 3877 2410 3955 Quo

450 3993 619 4060 facto
686 3996 852 4080 quod
897 3996 967 4060 in
1010 3994 1234 4060 Haasii
1301 3994 1581 4060 editione
1627 3994 1867 4080 legitur
1899 4042 1915 4074 ,
1987 3991 2412 4080 fer[til]itatis

449 4111 752 4176 vitiosum
796 4132 929 4176 esse
973 4111 1235 4177 videbis.

541 4228 610 4293 G.
662 4231 745 4294 26
773 4278 788 4308 ,
860 4235 943 4295 4:
1018 4233 1184 4307 Quid
1230 4228 1460 4308 dicam,
1526 4230 1713 4292 nulla
1757 4231 1859 4292 hio
1904 4249 2094 4292 arma
2159 4231 2409 4295 mutuis

448 4347 668 4423 furere
711 4345 1113 4409 concursibus
1140 4392 1154 4408 .
1185 4391 1199 4407 .
1229 4390 1243 4407 .
1292 4344 1459 4407 nihil
1502 4343 1578 4408 in
1608 4345 1879 4422 obscuro,
1926 4346 2198 4409 detectas
2227 4333 2407 4411 rnen-
