3142 5167
1420 514 1499 576 17

565 723 630 788 G.
703 725 787 789 49
808 770 822 799 ,
899 725 928 785 1
1000 723 1451 786 enumerantur
1494 720 1823 805 fulgurum
1867 723 2126 787 nomina
2144 769 2159 799 ,
2226 722 2438 805 qualia

471 864 511 905 a
556 840 871 907 Caecinna
915 841 1121 925 posita
1167 843 1401 916 escensu
1466 840 1637 904 inter
1680 842 1834 906 haec
1870 843 2440 906 commemorantur

462 961 774 1043 pestifera
793 1006 807 1035 ,
875 980 1033 1040 quae
1101 966 1349 1019 mortem
1418 959 1798 1038 exiliumque
1862 960 2277 1040 portendunt.
2352 992 2434 1005 --

470 1072 605 1139 Aut
650 1074 939 1159 equidem
984 1074 1196 1151 fallor,
1246 1075 1358 1136 aut
1403 1078 1799 1155 exitiumque
1843 1047 2078 1157 corrigi
2122 1075 2387 1156 oportet.

557 1189 682 1268 HI,
728 1190 883 1274 prol.
936 1192 1005 1253 6:
1057 1193 1609 1267 Quemadmodum
1655 1192 1982 1252 Hannibal
2029 1194 2437 1271 superiecerit

469 1310 654 1388 Alpes
685 1310 987 1370 scribunt.
1023 1309 1564 1389 quemadmodum
1594 1310 2049 1387 confirmatum
2082 1309 2440 1387 Hispaniae

471 1429 749 1489 cladibus
816 1427 1047 1488 bellum
1113 1427 1343 1487 Italiae
1412 1429 1790 1504 inopinatus
1837 1426 2132 1487 intulerit
2179 1427 2439 1502 fractis-

471 1563 589 1623 que
641 1543 821 1603 rebus
866 1547 928 1601 et
967 1548 1109 1621 post
1160 1541 1612 1620 Carthaqinem
1652 1545 1963 1620 pertinax
2008 1562 2180 1621 reyes
2223 1562 2438 1621 perer-

470 1660 711 1718 raverit
746 1658 972 1718 ducem
998 1661 1409 1737 promittenS,
1457 1661 1812 1720 exercitum
1839 1665 2079 1738 petens.
2112 1693 2193 1708 —-
2221 1652 2440 1738 Suspi-

472 1790 577 1833 cor
647 1769 1003 1853 antiquitus
1068 1770 1377 1854 scriptum
1445 1770 1640 1833 fuisse
1687 1781 1746 1833 et
1793 1781 1936 1852 post
1987 1773 2439 1852 Carthayinem

464 1890 795 1969 perditam
865 1893 1175 1969 pertinax
1201 1935 1215 1964 ‚
1287 1886 1560 1951 alterum
1629 1889 1842 1950 autem
1911 1885 2288 1950 vocabulum
2363 1884 2441 1949 ob

474 2002 800 2086 sequentis
847 2002 1337 2067 similitudinem
1381 2002 1628 2066 librarii
1674 2001 1954 2066 socordia
2000 2001 2338 2064 interiisse.

563 2117 629 2181 C.
682 2119 750 2196 5,
805 2122 873 2182 1:
943 2123 1221 2196 Quidam
1267 2124 1560 2182 iudicant
1609 2127 1851 2181 terram
1899 2120 2198 2200 quicquid
2243 2138 2441 2198 aqua-

475 2257 625 2298 rum
693 2240 903 2297 emisit
975 2258 1203 2299 rursus
1272 2241 1554 2316 accipere
1623 2245 1682 2297 et
1751 2238 1821 2297 ob
1889 2238 2001 2297 hoc
2068 2255 2182 2297 nec
2228 2238 2444 2296 maria

476 2375 775 2429 crescere,
845 2357 997 2434 quia
1064 2357 1229 2434 quod
1298 2357 1568 2435 influxit
1613 2374 1744 2414 non
1791 2356 1861 2413 in
1910 2372 2101 2414 suum
2148 2358 2442 2428 vertunt,

477 2470 581 2529 sed
621 2472 922 2548 protinus
968 2471 1266 2531 reddunt.
1308 2504 1387 2514 —
1414 2467 1519 2530 En
1566 2467 1799 2530 iterum
1827 2466 2035 2530 locum
2059 2465 2249 2530 habes
2269 2515 2283 2544 ,
2331 2466 2444 2550 qui

478 2583 778 2647 vocabulo
829 2583 1037 2647 exciso
1085 2585 1416 2667 corruptus
1464 2582 1734 2645 videtur.
1828 2581 1995 2646 Vide
2041 2583 2128 2645 818
2147 2629 2162 2660 ,
2210 2604 2292 2646 an
2316 2604 2445 2647 non

478 2707 549 2764 in
592 2723 786 2766 usum
831 2723 1025 2766 suum
1069 2700 1536 2766 restituendum
1584 2701 1688 2763 sit.
2161 2757 2166 2760 .

565 2815 680 2880 IV.
734 2821 803 2891 2,
857 2819 970 2881 10:
1043 2821 1230 2882 Nilus
1257 2866 1270 2880 .
1302 2866 1316 2880 .
1347 2866 1360 2880 .
1392 2866 1406 2880 .
1453 2822 1611 2879 'adeo
1658 2817 1824 2879 nihil
1871 2820 2084 2879 exedit
2115 2840 2229 2881 nec
2259 2821 2446 2881 abra-

486 2936 573 2995 dit
590 2981 605 3010 ,
675 2942 749 2996 ut
818 2941 1040 2995 contra
1107 2935 1348 2995 adiciat
1416 2938 1581 2995 vires
1643 2935 2047 3011 nimiumque
2092 2937 2164 2993 in
2210 2955 2278 2996 eo
2326 2939 2409 2996 sit
2428 2981 2443 3012 ‚

479 3055 642 3133 quod
710 3054 912 3114 solum
980 3059 1311 3132 temperat.
1370 3088 1438 3097 —-
1493 3047 1669 3112 Haec
1738 3049 1913 3113 omni
1981 3071 2170 3114 sensu
2235 3072 2445 3115 carere

478 3188 693 3244 nem0,
762 3167 1019 3250 opinor,
1091 3187 1220 3230 non
1265 3164 1458 3230 videt.
1552 3162 1741 3242 Noli,
1790 3186 2055 3247 quaeso,
2104 3148 2446 3250 quidquam

479 3285 729 3349 credere
798 3284 954 3348 viris
1019 3283 1221 3348 doctis
1243 3331 1257 3360 ‚
1327 3282 1439 3366 qui
1489 3303 1622 3346 non
1668 3283 2047 3364 nimiumque
2094 3282 2202 3346 sed
2249 3288 2446 3345 mini-

478 3424 783 3484 mumque
827 3398 1132 3464 Senecam
1179 3399 1506 3482 scripsisse
1538 3397 1911 3482 persuadere
1957 3398 2080 3461 tibi
2118 3401 2443 3462 conantur.

481 3515 646 3580 Vide
694 3516 940 3600 potiuS,
988 3536 1070 3578 an
1116 3535 1247 3578 non
1292 3517 1648 3595 fimumque
1693 3533 1840 3577 vera
1885 3512 2076 3577 lectio
2123 3513 2225 3575 811’,.

570 3631 636 3696 O.
692 3636 804 3711 11,
859 3636 935 3696 3:
1029 3635 1208 3695 Pilae
1270 3636 1635 3712 proprietas
1706 3639 1796 3693 est
1865 3654 2013 3694 cum
2059 3611 2449 3712 aequalitate

482 3753 763 3831 quadam
810 3750 1192 3810 rotunditas,
1244 3747 1700 3826 aequalitatem
1747 3754 1965 3808 autem
2005 3750 2216 3827 accipe
2251 3748 2447 3822 hanc,

481 3889 676 3950 quam
722 3871 894 3930 vides
943 3871 1014 3927 in
1061 3867 1302 3927 lusoria
1346 3866 1498 3944 pila.
1549 3884 1681 3924 non
1727 3866 2007 3926 multum
2038 3866 2134 3925 illi
2158 3867 2449 3925 commis-

482 4006 674 4047 surae
744 3992 803 4046 et
875 3987 1085 4045 rimae
1132 4001 1362 4043 earum
1406 3989 1669 4056 nocent,
1734 4001 1853 4060 quo
1900 3985 2119 4043 minus
2160 4002 2287 4061 par
2332 3983 2449 4043 sibi

483 4105 558 4164 ab
606 4106 783 4164 omni
821 4109 1012 4182 parte
1057 4102 1331 4160 dicatur.
1366 4135 1448 4143 —
1477 4093 1651 4159 Scire
1700 4096 1885 4179 cupio
1930 4118 1967 4158 a
2012 4095 2167 4159 viris
2213 4096 2447 4175 docti8‚

483 4221 593 4304 qui
662 4241 698 4282 a
768 4218 1052 4283 codicum
1122 4215 1500 4278 auctoritate
1543 4214 1645 4278 vel
1691 4217 2122 4279 transversum
2168 4236 2449 4300 unguem

486 4335 805 4400 discedere
876 4335 1207 4409 verentur,
1277 4330 1431 4413 quid
1499 4330 1803 4393 faciamus
1871 4332 1930 4394 h.
1996 4332 2036 4394 1.
2089 4353 2145 4395 v.
2213 4355 2446 4397 earum.

2144 4451 2183 4510 3
