3142 5167
1440 528 1656 591 63·

509 742 704 802 veluti
770 741 957 800 hasta
997 740 1226 817 posita.
1323 733 1417 798 Of.
1478 734 1607 800 Cic.
1660 735 1736 799 de
1783 734 1905 801 Off.
1954 734 2057 815 H,
2107 741 2179 815 8,
2231 738 2348 817 27,
2394 738 2470 802 de

507 850 708 917 Sulla:
759 855 871 915 Est
917 856 1093 914 enim
1139 872 1338 914 ausus
1385 856 1592 915 dicere
1639 856 1827 915 hasta
1851 858 2088 934 posita,
2135 876 2281 917 cum
2311 857 2473 918 bona

505 973 576 1030 in
644 971 784 1047 foro
855 970 1152 1029 venderet
1177 1014 1191 1027 .
1216 1014 1231 1029 .
1266 1014 1280 1029 .
1312 1014 1325 1028 .
1398 971 1719 1048 praedam
1790 990 1978 1031 suam
2048 991 2111 1032 se
2181 952 2466 1033 vendere.

503 1082 596 1146 Of.
648 1080 778 1146 Cic.
829 1082 900 1146 in
944 1079 1099 1145 Ant.
1149 1080 1234 1143 II.
1288 1083 1403 1158 26,
1452 1083 1572 1159 64,
1622 1083 1695 1146 in
1740 1082 2004 1146 Rullum
2048 1081 2148 1160 H,
2197 1085 2314 1162 23,
2363 1086 2466 1149 62.

858 1575 981 1638 min
1021 1578 1361 1641 ΟΑΡΙΤΟΗΝΙ
1400 1575 1670 1639 ΜΑΧΙΜῦὃ
1707 1577 1781 1640 ΕΤ
1820 1577 2126 1641 ΒΑιΒΙΝυὸ.

595 1784 662 1848 C.
716 1786 790 1862 5,
842 1787 913 1848 1:
1008 1788 1292 1848 Maximo
1351 1794 1539 1867 pater
1609 1790 1743 1864 fuit
1790 1789 2149 1866 Maoei‘mus,
2219 1811 2391 1854 unus
2438 1815 2470 1854 e

497 1903 674 1981 plebe
690 1952 704 1977 ‚
778 1907 852 1961 ut
920 1904 1218 1963 nonnulli
1285 1905 1509 1963 dicunt
1577 1904 1758 1981 faber
1803 1906 2124 1982 ferrarius
2147 1952 2161 1981 ,
2232 1915 2307 1967 ut
2352 1911 2470 1970 alii

507 2021 845 2079 raedarius
891 2016 1345 2102 [vehicularius
1391 2015 1777 2099 fabricator}
1831 2055 1909 2067 --
1952 2018 2469 2104 Expungendum

504 2135 600 2195 est
645 2132 981 2196 molestum
1025 2131 1350 2195 emblema.

589 2248 655 2312 G.
709 2251 749 2313 9
770 2298 784 2327 ,
833 2252 907 2314 3:
1002 2252 1171 2313 Nam
1233 2259 1295 2312 et
1341 2254 1413 2312 in
1453 2252 1785 2331 publicum
1824 2256 2160 2331 processit,
2231 2276 2467 2319 manus

416 2354 419 2359 ’
495 2369 765 2449 sinyulis
838 2370 1184 2453 quibusque
1264 2371 1478 2429 tenuit
1548 2373 1609 2428 et
1679 2386 1887 2446 paene
1963 2371 2164 2431 ictum
2231 2373 2467 2451 lapidis

486 2506 716 2566 passus
763 2492 870 2547 est.
929 2520 1007 2531 --
1058 2481 1319 2567 Corrige
1363 2486 1650 2545 tetendit.

582 2599 650 2663 G.
704 2599 818 2675 15,
867 2599 977 2680 5:-
1043 2602 1252 2661 Tanta
1298 2607 1388 2661 est
1435 2607 1656 2662 autem
1699 2604 2150 2665 historicorum
2197 2607 2369 2667 inter
2405 2628 2468 2669 se

494 2718 886 2776 certantium
933 2709 1263 2806 irnperitia
1310 2716 1405 2776 vel
1450 2720 1814 2795 usurpatio,
1865 2724 1939 2777 ut
1969 2720 2161 2779 multi
2193 2723 2467 2782 eundem

499 2833 868 2918 Maoeirnu‘m
913 2850 1104 2915 quern
1151 2809 1565 2909 P'icppienum
1612 2834 1812 2893 velint
1856 2835 1984 2894 dici
2015 2835 2164 2896 cett.
2198 2831 2282 2881 —‘
2306 2833 2466 2898 Fere

499 2968 628 3010 non
675 2944 896 3009 dubito
919 2993 934 3024 ,
983 2946 1141 3029 quin
1187 2939 1465 3034 turbatio
1510 2947 1866 3030 antiquitus
1913 2948 2222 3032 scriptum
2248 2950 2462 3015 fuerit.

498 3062 646 3128 Non
692 3063 874 3127 video
921 3064 1121 3141 enim,
1169 3064 1281 3148 qui
1327 3041 1731 3148 usurpationi
1763 3065 1963 3129 tribui
1995 3067 2224 3149 possit,
2272 3089 2465 3150 quum

498 3180 909 3244 historiarum
984 3180 1254 3264 scriptor
1332 3180 1501 3243 inter
1570 3180 1692 3244 duo
1767 3182 2025 3245 nomina
2095 3204 2224 3247 non
2293 3187 2464 3248 recte
2479 3259 2498 3278 ἢ

2483 3279 2524 3300 Η

497 3298 861 3383 distinguit.

1281 3535 1621 3543 Ἥ

924 3701 1215 3764 ΤΒΕΒΕιΙ-ΙΙ
1254 3702 1561 3765 ΡΟΙ.Ι.ΙΟΝ18
1599 3703 1857 3766 (ΞΑΙ.Ι.ΙΕΝΙ
1896 3703 2040 3766 Duo.

587 3877 654 3940 O.
729 3881 767 3942 6
793 3930 811 3958 ,
885 3883 925 3943 3
995 3882 1330 3964 postquam
1399 3881 1605 3944 clades
1651 3882 1894 3965 aliquot
1939 3884 2227 3947 narratae
2273 3889 2455 3966 sunt,

495 3965 648 4057 haec
692 3997 1074 4078 sequuntur:
1167 3998 1376 4057 Pudet
1414 4001 1685 4077 prodere
1730 4001 1901 4059 inter
1945 4002 2098 4061 haec
2143 4008 2459 4082 tempora,

395 4179 399 4184 ,
498 4109 670 4192 [cum
738 4112 862 4174 ista
940 4112 1374 4197 gererentur],
1455 4136 1616 4197 quae
1691 4136 1877 4195 saepe
1950 4117 2279 4180 Gallienus
2306 4166 2321 4181 .
2351 4167 2365 4182 .
2396 4168 2410 4183 .
2441 4168 2455 4183 .

496 4229 676 4304 quasi
735 4248 856 4307 per
923 4232 1129 4291 iocum
1197 4231 1457 4293 dixerit.
1508 4267 1596 4279 —-
1641 4227 1854 4293 Verba
1922 4252 2071 4294 oum
2115 4237 2243 4295 ista
2286 4256 2458 4316 yere-

494 4351 720 4405 rentur
786 4345 1226 4431 ludimagistro
1294 4347 1609 4412 reddenda
1672 4351 1823 4412 sunt
1840 4396 1855 4427 ,
1926 4349 2038 4433 qui
2097 4352 2419 4417 nesciebat
2440 4401 2455 4432 ,
