3142 5167
1390 528 1474 587 33

459 738 711 798 invidia
726 783 744 812 ,
813 733 1113 816 quoniam
1174 732 1244 795 in
1302 730 1601 815 Encolpii
1646 729 1855 795 verbis
1900 751 1981 794 ne
2025 731 2417 794 levissimum

457 850 713 935 quidem
782 848 1060 914 invidiae
1121 847 1468 932 vestigium
1526 828 1910 932 deprehendi
1953 850 2179 931 potest.
2270 845 2418 911 Nisi

456 965 669 1029 omnia
734 963 969 1027 fallunt
990 1011 1005 1041 ‚
1073 961 1243 1026 haud
1307 961 1526 1046 procul
1594 984 1631 1025 a
1698 983 1845 1027 vero
1912 961 2117 1026 aberis
2136 1010 2151 1039 ‚
2220 983 2414 1045 quum

455 1085 815 1145 inundatus
859 1085 972 1144 hoc
1017 1081 1366 1161 Eumolpus
1411 1085 1681 1143 convitio
1727 1065 2176 1144 emendaveris,
2257 1082 2413 1143 Con-

454 1174 688 1262 citium
756 1196 931 1260 enim
997 1195 1318 1260 interdum
1361 1197 1699 1279 urgentem
1745 1196 1811 1257 et
1855 1195 2036 1278 quasi
2081 1195 2414 1262 clamosam

454 1313 830 1398 petitionem
896 1316 1113 1390 notat,
1183 1315 1256 1376 ut
1300 1311 1467 1396 apud
1513 1309 1884 1374 Ciceronem
1929 1311 1999 1376 in
2043 1312 2164 1396 Ep.
2213 1312 2292 1375 ad
2337 1311 2408 1388 Q.

453 1428 557 1493 Fr.
628 1427 695 1492 H
714 1477 729 1507 ‚
805 1431 880 1493 11
911 1478 925 1507 ‚
1000 1432 1073 1493 1:
1166 1433 1515 1512 Epistolam
1562 1434 1728 1491 hanc
1776 1434 2046 1492 convitio
2093 1433 2413 1511 efflaqita-

454 1556 612 1611 runt
679 1550 946 1610 codicilli
1011 1552 1111 1610 tui
1178 1549 1246 1611 et
1308 1546 1475 1630 apud
1534 1544 2002 1621 Quintilianum
2049 1546 2120 1608 in
2163 1545 2283 1629 Ep.
2334 1544 2414 1609 ad

453 1663 895 1747 Tryphonem:
987 1666 1385 1746 Efflaqitasti
1427 1666 1745 1727 cotidiano
1790 1668 2062 1726 convitio
2106 1672 2181 1726 ut
2226 1661 2412 1726 libros

456 1828 470 1842 .
500 1828 514 1842 .
544 1828 558 1842 .
588 1828 603 1843 .
654 1785 790 1842 iam
835 1784 1122 1843 emittere
1166 1785 1531 1861 inciperem.

544 1894 611 1960 G.
690 1897 850 1960 103:
918 1917 1168 1977 ,sequar
1236 1917 1341 1977 890
1408 1899 1655 1975 frontes
1721 1904 1953 1958 notans
2000 1900 2415 1977 inscriptione

455 2016 726 2089 sollerti,
799 2019 874 2074 ut
941 2013 1295 2073 videamini
1363 2014 1661 2090 stiqmate
1729 2031 1857 2072 esse
1925 2009 2167 2090 puniti’
2218 2057 2411 2073 .....

459 2133 603 2194 Non
677 2137 769 2190 est
842 2130 1049 2191 dilata
1124 2129 1392 2206 fallacia
1431 2175 1445 2189 .
1476 2174 1490 2188 .
1520 2175 1534 2189 .
1567 2174 1582 2188 .
1699 2129 1993 2206 Implevit
2066 2129 2415 2208 Eumolpus

457 2249 720 2326 frontes·
769 2245 1106 2321 utriusque
1167 2242 1526 2321 inqentibus
1595 2243 1826 2304 litteris
1873 2250 1933 2305 et
1971 2252 2199 2307 notum
2244 2247 2417 2326 fuqi-

460 2368 739 2425 tivorum
785 2362 1186 2441 epiqramma
1227 2379 1346 2438 per
1392 2365 1596 2421 totam
1642 2362 1878 2438 faciem
1922 2361 2168 2430 liberali
2212 2381 2418 2423 manu

459 2482 666 2542 duxit.
720 2514 805 2522 —
850 2472 1266 2539 Scribendum
1314 2474 1610 2539 existimo
1654 2496 1768 2558 pro
1796 2478 2116 2557 implevit,
2165 2476 2231 2540 id
2254 2475 2419 2561 quod

458 2595 693 2661 rectius
739 2592 994 2658 videtur
1040 2595 1280 2655 inlevit.

550 2711 618 2776 G.
673 2712 832 2777 118:
881 2708 1208 2795 [Iuvenes]
1255 2714 1615 2790 forensibus
1662 2717 2042 2775 ministeriis
2088 2718 2423 2775 exercitati

464 2809 828 2913 frequenter
878 2832 964 2891 ad
1010 2831 1320 2891 carminis
1367 2830 1908 2908 tranquillitatem
1955 2837 2289 2909 tamquam
2335 2832 2422 2892 ad

462 2953 719 3027 portum
788 2945 1136 3022 feliciorem
1188 2946 1590 3022 retuqerunt.
1640 2977 1727 2989 -—-
1773 2939 2306 3017 Quemadmodum
2350 2942 2422 3008 in

463 3066 750 3144 implevit
794 3079 923 3123 una
967 3057 1218 3134 littera,
1285 3057 1377 3120 ita
1424 3057 1495 3121 in
1539 3062 1918 3120 ministeriis
1962 3056 2175 3141 plures
2221 3056 2422 3122 abun-

462 3175 633 3239 dant.
730 3172 865 3237 Aut
932 3171 1118 3236 fallor
1184 3172 1389 3250 enim,
1459 3175 1571 3236 aut
1641 3176 1916 3235 miseriis
1960 3172 2281 3253 sententia
2322 3193 2422 3236 re-

464 3291 680 3375 quirit.
774 3293 1075 3353 Forenses
1141 3293 1441 3351 miseriae
1508 3291 1572 3353 et
1637 3292 1801 3369 felix
1846 3293 2155 3353 carminis
2195 3298 2423 3372 portus

462 3410 610 3491 apte
658 3406 828 3470 inter
871 3428 938 3469 se
983 3407 1406 3489 opponuntur.

555 3523 623 3587 O.
695 3523 855 3586 125:
953 3525 1151 3600 Quid,
1222 3527 1278 3584 si
1344 3528 1541 3586 etiam
1610 3526 2044 3587 mercenarius
2101 3529 2425 3604 praesenti

466 3644 772 3721 felicitate
820 3642 1022 3702 lassus
1071 3643 1387 3702 indicium
1433 3643 1518 3701 ad
1564 3644 1801 3701 amicos
1847 3642 2148 3732 detulerit
2193 3648 2426 3704 totam-

466 3780 585 3839 que
665 3759 999 3837 fallaciam
1082 3759 1399 3819 invidiosa
1478 3759 1841 3837 proditione
1921 3760 2251 3820 detexerit.
2340 3794 2423 3804 —

468 3872 728 3957 Corrige
794 3875 985 3936 laxus
1053 3870 1192 3935 coll.
1264 3867 1412 3934 Sall.
1480 3868 1622 3954 Iug.
1675 3870 1778 3933 87.
1872 3872 2193 3933 Romanos
2238 3875 2427 3935 sicuti

462 3994 823 4072 plerosque,
880 3996 1118 4051 remoto
1165 3996 1376 4064 metu,
1426 3989 1644 4050 laoeius
1688 3988 2103 4069 licentiusque
2147 3992 2421 4067 futuros.

558 4103 626 4167 O.
681 4107 843 4170 126:
913 4108 1128 4183 itaque
1173 4106 1461 4164 oratione
1505 4103 1924 4163 blandissima
1963 4104 2192 4182 plenus
2240 4102 2422 4185 ‚roqo'

471 4227 739 4304 inquam
810 4223 1145 4302 ‚numquid
1206 4221 1352 4295 illa,
1428 4239 1591 4299 quae
1634 4239 1737 4280 me
1781 4228 1963 4282 amat
1985 4267 2000 4296 ‚
2048 4227 2123 4283 tu
2168 4241 2230 4283 es
2245 4218 2294 4281 θ’
2343 4257 2426 4271 --

473 4336 942 4403 Absurdissime
1034 4333 1242 4402 editur
1330 4340 1618 4400 oratione
1690 4337 2108 4401 blandissima
2176 4340 2424 4420 plenus

2118 4453 2154 4514 5
