3142 5167
1657 529 1736 591 12

801 734 1064 800 Prorsus
1133 733 1331 798 simili
1376 734 1537 797 vitio
1579 733 1824 798 laborat
1867 732 2041 797 locus
2088 730 2282 795 eiusd.
2331 728 2499 794 Dial.
2529 731 2634 795 ·17
2657 778 2674 808 ‚

719 854 792 918 l:
857 855 996 916 Scio
1041 874 1179 915 rem
1224 873 1356 914 non
1400 873 1528 914 esse
1572 856 1646 913 in
1693 858 1912 913 nostra
1953 857 2265 931 potestate
2308 870 2423 911 nec
2467 850 2678 911 ullum

715 970 1046 1053 adfectum
1090 945 1327 1031 servire
1344 1014 1360 1044 ‚
1421 971 1694 1030 minime
1753 987 1896 1030 vero
1943 988 2092 1030 eum
2113 1013 2128 1042 ‚
2190 971 2299 1050 qui
2344 988 2425 1028 ea·
2469 967 2679 1027 dolore

713 1088 1023 1148 nascitur.
1059 1120 1140 1132 —
1171 1080 1504 1147 Sententia
1548 1082 1704 1145 satis
1750 1084 1965 1165 aperte
2010 1081 2194 1146 docet
2239 1086 2363 1145 scio
2395 1080 2677 1144 dolorem

714 1223 845 1265 non
891 1224 1021 1266 esse
1064 1200 1219 1265 olim
1265 1202 1576 1285 scriptum
1619 1201 1835 1265 fuisse.

1468 1525 1546 1588 οε
1580 1500 1933 1586 οιιέκεκτιΑ.

809 1675 875 1753 1,
930 1678 960 1739 1
986 1724 1002 1754 ‚
1052 1668 1127 1740 3:
1197 1679 1276 1739 In
1322 1681 1440 1739 hac
1507 1684 1696 1739 tanta
1764 1678 2075 1755 facultate
2140 1696 2364 1740 rerum
2407 1698 2539 1739 non
2583 1681 2688 1740 ira

721 1816 823 1857 me
883 1798 969 1856 ad
1028 1799 1259 1881 iniqua
1304 1797 1621 1876 supplicia
1673 1796 1957 1875 conpulit
1980 1841 1996 1871 ‚
2063 1815 2193 1856 non
2239 1796 2540 1857 iuvenilis
2587 1800 2691 1857 in-

717 1918 923 1992 petus.
953 1957 967 1972 .
997 1958 1012 1973 .
1069 1932 1202 1973 non
1247 1915 1389 1992 ipsa
1435 1913 1852 1974 ostentandae
1890 1931 2010 1990 per
2054 1917 2326 1984 terrores
2361 1914 2689 1990 potentiae

722 2031 871 2090 dira
897 2075 913 2105 ‚
960 2032 1068 2091 sed
1112 2032 1418 2115 frequens
1463 2033 1717 2110 maynis
1761 2031 2055 2108 imperiis
2105 2029 2326 2107 yloria.
2380 2065 2460 2073 —
2509 2024 2690 2090 Vitio

721 2143 876 2206 haec
945 2142 1137 2207 verba
1201 2143 1483 2208 laborare
1551 2144 1882 2221 videntur,
1949 2143 2079 2206 nisi
2145 2144 2308 2207 forte
2377 2144 2519 2227 quis
2564 2143 2687 2206 rite

722 2257 1036 2341 explicare
1108 2259 1308 2342 possit
1325 2306 1341 2336 ‚
1409 2260 1615 2343 qualis
1683 2260 1769 2322 sit
1830 2259 2033 2343 gloria
2095 2259 2232 2323 dira
2278 2259 2688 2324 ostentandae

721 2373 1064 2457 potentiae.
1159 2371 1454 2458 Suspicor
1522 2378 1781 2437 dirased
1847 2373 2186 2438 lectionem
2253 2395 2387 2438 esse
2455 2374 2686 2437 'misere

720 2489 1084 2553 mutilatam
1128 2512 1229 2555 vv.
1280 2492 1685 2555 aviditassed.
1780 2488 2012 2555 Omnia
2057 2490 2283 2554 saltem
2327 2493 2497 2555 recte
2542 2513 2687 2575 pro-

721 2604 956 2669 cedunt
973 2652 988 2681 ‚
1057 2606 1115 2668 si
1181 2607 1510 2691 scripseris
1578 2630 1709 2671 non
1754 2613 1896 2689 ipsa
1941 2611 2356 2671 ostentandae
2399 2629 2513 2688 per
2557 2617 2686 2669 ter-

718 2742 892 2784 rores
926 2728 1249 2804 potentiae
1294 2720 1600 2801 aviditas,
1649 2728 1754 2787 sed
1784 2728 2086 2809 frequens
2116 2730 2370 2806 magnis
2394 2729 2684 2806 imperiis

717 2838 938 2916 qloria.

808 2951 875 3016 O.
930 2955 1000 3030 8,
1055 2956 1127 3017 2:
1179 2958 1388 3031 Quam
1434 2958 1645 3019 multa
1688 2956 1804 3018 tibi
1846 2977 1977 3018 non
2024 2958 2215 3018 licent
2240 3001 2256 3031 ‚
2303 2976 2465 3039 quae
2508 2958 2683 3017 nobis

719 3075 1011 3155 beneficio
1059 3082 1168 3137 tuo
1214 3076 1453 3137 licent?
1530 3077 1798 3137 Possum
1846 3079 1917 3135 in
1963 3075 2236 3157 qualibet
2275 3081 2466 3153 parte
2509 3076 2684 3135 urbis

722 3191 887 3251 solus
933 3193 1223 3252 incedere
1268 3195 1405 3252 sine
1450 3194 1679 3252 timore
1697 3237 1711 3266 ‚
1782 3195 2071 3274 quamvis
2115 3192 2333 3253 nullus
2379 3169 2684 3274 sequatur

718 3323 919 3365 comes
945 3349 960 3379 ‚
1028 3306 1247 3367 nullus
1315 3308 1399 3366 sit
1467 3307 1681 3381 domi,
1753 3306 1969 3366 nullus
2037 3307 2122 3365 ad
2177 3306 2346 3367 latus
2392 3306 2644 3385 qladius
2662 3326 2681 3364 .·

727 3422 860 3483 Tibi
906 3425 978 3483 in
1025 3429 1143 3483 tua
1182 3443 1339 3502 pace
1385 3431 1639 3483 armato
1686 3425 2030 3484 vivendum
2078 3430 2185 3484 est.
2238 3460 2307 3469 —
2360 3419 2485 3484 Pro
2524 3443 2683 3502 pace

717 3557 865 3600 arce
909 3536 1424 3602 substituendum
1471 3559 1607 3602 esse
1653 3538 1839 3603 facile
1869 3538 1994 3602 tibi
2017 3518 2440 3622 persuadebis,
2488 3560 2683 3621 quum

716 3653 852 3715 tam
922 3654 1363 3738 praecedentia
1433 3657 1728 3719 accurate
1796 3654 2143 3739 perlegeris
2169 3703 2184 3732 ‚
2267 3677 2458 3739 quam
2524 3674 2684 3738 quae

716 3771 1000 3854 proxime
1048 3775 1427 3856 sequuntur:
1476 3776 1788 3836 Aberrare
1812 3794 1854 3835 a
1885 3777 2157 3853 fortuna
2190 3781 2307 3836 tua
2335 3788 2466 3835 non
2488 3780 2677 3853 potes,

717 3891 951 3953 obsidet
1012 3899 1073 3953 te
1120 3899 1181 3953 et
1225 3914 1595 3981 quocunque
1641 3895 2034 3955 descenderis
2079 3914 2310 3974 maqno
2356 3896 2683 3974 adparatu

717 4010 1026 4089 sequitur.

801 4118 958 4183 Eod.
1009 4143 1141 4205 cap.
1192 4122 1226 4205 ἓ
1275 4126 1349 4187 4:
1445 4125 1651 4186 Malta
1697 4132 1919 4187 contra
1963 4133 2025 4187 te
2068 4126 2184 4187 lucc
2229 4132 2338 4189 est.
2388 4128 2681 4188 omnium

713 4238 783 4298 in
852 4210 1047 4300 istam
1115 4213 1400 4304 conversi
1465 4243 1631 4304 oculi
1698 4249 1870 4304 sunt.
1925 4277 2004 4301 —.-
2054 4236 2517 4323 Corrigendum
2585 4242 2681 4303 est

709 4358 917 4430 multa
963 4362 1134 4421 circa
1179 4366 1240 4422 te
1285 4361 1402 4422 luoe
1449 4367 1563 4423 est.
