3142 5167
1487 530 1569 593 37

632 729 758 811 ΙΙΙ,
807 735 846 796 6
894 733 1195 799 describit
1240 736 1496 819 signum
1543 733 1947 798 Corinthium
1972 755 2189 799 recens
2220 736 2503 829 emptum

543 850 642 914 his
688 851 929 916 verbis:
999 855 1251 933 effinqit
1296 873 1509 915 senem
1556 860 1835 915 stantem
1850 876 1874 932 ;
1944 867 2084 915 ossa
2102 900 2116 927 ,
2187 855 2497 928 musculi,

543 975 757 1047 nervi,
827 991 1024 1032 venae
1041 1016 1056 1046 ‚
1124 990 1324 1051 ruqae
1391 974 1590 1033 etiam
1659 977 1734 1033 ut
1796 973 2106 1051 spirantis
2151 976 2470 1050 apparent
2485 1011 2502 1044 ‚

542 1092 682 1150 rari
728 1096 788 1150 et
833 1091 1116 1150 cedentes
1160 1088 1407 1168 capilli,
1454 1089 1591 1148 lata
1650 1089 1859 1165 from,
1908 1092 2234 1147 contracta
2284 1088 2502 1164 facie3‚

542 1205 705 1265 exile
749 1205 1002 1280 collum,
1044 1206 1328 1285 pendent
1373 1205 1627 1278 lacerti,
1675 1205 1955 1284 papillae
2003 1207 2238 1278 iacent,
2285 1209 2503 1263 venter

541 1322 810 1382 recessit.
844 1312 872 1340 ⁸
887 1315 1204 1403 Deinceps
1250 1318 1427 1383 addit
1471 1341 1512 1382 a
1558 1327 1729 1400 terqo
1778 1340 2018 1404 quoque
2061 1321 2283 1380 eadem
2328 1324 2504 1379 aetas

541 1444 616 1500 ut
677 1458 719 1498 a
785 1444 975 1518 terqo.
1023 1473 1112 1485 -—-
1155 1437 1451 1501 Editores
1516 1438 1673 1501 haec
1741 1437 1933 1502 verba
1999 1436 2201 1500 adhuc
2261 1436 2506 1499 intacta

540 1551 968 1636 reliquerunt3
1016 1574 1132 1638 ego
1180 1575 1329 1619 vero
1346 1602 1361 1632 ‚
1409 1555 1677 1619 forsitan
1722 1546 1937 1633 fallar,
1985 1549 2351 1617 absurdiora
2396 1549 2537 1615 illa·

542 1667 868 1746 existimO,
937 1689 1126 1751 quam
1194 1672 1267 1731 ut
1334 1668 1577 1732 diutius
1646 1668 1800 1732 ferri
1868 1668 2132 1751 possint.
2243 1668 2503 1731 Etenim

542 1783 906 1869 supersedet
965 1781 1215 1848 Plinius
1280 1784 1597 1868 posticum
1667 1785 1925 1869 signum
1969 1788 2102 1848 tam
2146 1785 2395 1848 minute
2439 1786 2507 1878 et

542 1901 833 1963 accurate
864 1899 1215 1963 describere
1230 1947 1245 1977 ‚
1279 1920 1470 1983 quam
1499 1900 1784 1964 anticum
1807 1900 2242 1984 descripserat.
2292 1899 2504 1965 Verbo

541 2017 796 2080 tantum
841 2019 1133 2096 annotat,
1178 2020 1433 2101 tergum
1473 2017 1694 2081 senilis
1723 2018 1997 2101 corporis
2024 2017 2262 2082 indicia
2285 2017 2503 2081 eadem

542 2131 664 2195 fide
730 2132 1021 2212 reddere,
1068 2134 1278 2216 -atque
1346 2131 1674 2196 adversam
1727 2134 2005 2215 partem,
2077 2132 2153 2196 de
2200 2154 2324 2216 qua
2368 2134 2502 2194 tam

542 2249 764 2312 multis
809 2249 1016 2314 verbis
1063 2252 1314 2334 egerat3
1362 2250 1806 2334 corrigendum
1851 2270 2001 2334 ergo
2047 2272 2089 2312 a
2136 2260 2306 2332 terqo
2353 2270 2505 2335 quo-

545 2386 666 2452 que
710 2364 923 2449 [signo
969 2365 1093 2448 est]
1139 2369 1364 2427 eadem
1410 2374 1588 2428 aetas
1633 2374 1706 2428 ut
1753 2370 2033 2428 adverso,

634 2478 748 2558 IV.
823 2481 861 2542 6
885 2527 899 2556 ‚
970 2483 1044 2542 2:
1141 2482 1361 2544 Solum
1429 2485 1596 2543 mihi
1643 2484 2121 2544 Laurentinum
2168 2501 2385 2543 meum
2432 2484 2504 2541 in

546 2601 761 2660 reditu
764 2645 1005 2660 ......
1076 2601 1175 2660 Ibi
1221 2605 1394 2662 enim
1435 2603 1803 2680 plurimum
1850 2601 2045 2661 scribo
2092 2619 2206 2660 nec
2238 2619 2509 2679 agrum,

548 2736 735 2800 quem
798 2736 929 2777 non
974 2718 1164 2777 habeo
1187 2762 1202 2791 ‚
1273 2720 1382 2778 sed
1427 2721 1645 2797 ipsum
1691 2737 1793 2778 me
1840 2719 2071 2778 studiis
2118 2717 2367 2778 excolo:
2439 2736 2514 2777 ac

549 2829 683 2892 iam
744 2852 1004 2911 possum
1075 2834 1188 2893 tibi
1256 2840 1332 2893 ut
1394 2834 1540 2892 aliis
1587 2837 1658 2893 in
1704 2834 1851 2893 locis
1898 2833 2203 2892 horreum
2245 2833 2512 2911 plenum

549 2951 637 3010 sic
684 2950 770 3008 ibi
814 2951 1126 3009 scrinium
1175 2950 1518 3010 ostendere.
1572 2985 1653 2994 —
1703 2943 1781 3009 V.
1834 2949 2099 3022 studii8‚
2146 2966 2269 3029 quo
2314 2965 2512 3028 aequo

548 3064 760 3127 animo
809 3064 1008 3127 careri
1051 3064 1211 3126 mihi
1255 3085 1436 3148 posse
1467 3064 1752 3141 videtur,
1800 3085 2131 3147 perperam
2162 3085 2196 3127 e
2225 3063 2514 3147 margine

550 3178 673 3243 huc
719 3179 1047 3262 irrepsisse
1095 3178 1296 3243 credo.

639 3295 753 3359 IV.
809 3299 908 3359 12.
961 3300 1034 3359 2:
1131 3298 1289 3360 Cum
1360 3296 1708 3382 [Egnatius
1778 3295 2218 3380 Marcellinus]
2257 3301 2329 3359 in
2368 3317 2516 3378 pro-

549 3419 830 3478 vinciam
877 3423 1171 3500 quaestor
1229 3419 1490 3492 emisset,
1564 3417 1958 3499 scribamque
2003 3420 2113 3499 qui
2158 3419 2314 3477 sorti
2359 3417 2513 3476 obti-

549 3541 728 3613 gerat
754 3579 768 3593 .
799 3578 812 3592 .
843 3579 858 3593 .
930 3536 1249 3595 amisisset
1310 3542 1448 3596 cett.
1501 3569 1588 3579 ——
1632 3531 1713 3595 In
1772 3531 1870 3595 his
1919 3537 2075 3595 sorti
2120 3553 2198 3595 ex
2244 3539 2408 3594 sorte
2453 3536 2514 3594 ei

551 3646 964 3731 depravatum
1009 3669 1143 3711 esse
1189 3649 1346 3711 satis
1392 3651 1684 3731 apertum
1732 3651 1846 3711 est.

639 3762 754 3829 IV.
816 3766 921 3828 13:
979 3763 1198 3828 Tacito
1246 3764 1540 3842 mandat,
1589 3766 1664 3826 ut
1709 3785 1786 3827 ex
1832 3764 2012 3846 copia
2057 3762 2478 3827 studiosorum
2497 3811 2513 3841 ‚

552 3899 709 3963 quae
757 3880 836 3943 ad
880 3902 1024 3944 eum
1070 3880 1472 3957 conveniret,
1524 3878 1998 3963 circumspiciat
2044 3880 2478 3963 praeceptores
2496 3926 2510 3955 ,

551 4015 706 4078 quos
772 3996 1117 4062 Tusculani
1184 3997 1528 4062 sollicitare
1598 3998 1857 4080 possent
1877 4044 1892 4073 ‚
1962 3998 2036 4059 ut
2099 3995 2263 4060 filios
2331 4015 2473 4059 suos
2496 4044 2511 4071 ‚

552 4112 664 4194 qui
709 4110 1056 4177 Mediolani
1101 4113 1353 4177 studere
1402 4113 1683 4177 solerent
1697 4161 1711 4190 ‚
1759 4113 1829 4176 in
1875 4133 1988 4175 sua
2031 4111 2185 4174 urbe
2212 4111 2511 4175 docerent

553 4224 1033 4312 educarentque.
1131 4226 1367 4293 Scribit
1433 4208 1722 4305 Plinius,
1783 4248 1850 4290 se
1896 4245 2040 4291 cum
2086 4224 2511 4310 compluribus

552 4342 928 4410 Tusculanis
994 4345 1072 4409 de
1140 4368 1213 4411 ea
1280 4367 1350 4410 re
1412 4347 1620 4432 egisse
1664 4348 1854 4430 atque
1901 4345 2071 4409 inter
2115 4343 2240 4407 alia
2284 4346 2350 4407 et
2394 4343 2511 4409 hoo
