3142 5167
1612 502 1696 563 82

674 713 848 773 Nam
907 710 1071 790 quod
1134 708 1448 769 Catilinae
1491 707 1916 782 familiaritas
1961 707 2194 768 obiecta
2242 705 2448 766 Caelio
2493 712 2584 765 est
2609 748 2633 781 ‚
2668 682 2679 695 ⁹

667 828 849 907 lonye
892 827 969 887 ab
1014 828 1140 885 ista
1186 824 1534 901 suspitione
1581 823 1916 882 abhorrere
1959 822 2151 883 debet.

758 938 920 1003 Ibid.
993 939 1075 1001 28
1093 984 1108 1014 ,
1182 937 1300 1000 67:
1393 937 1516 999 Sed
1584 958 1686 998 me
1752 939 2066 999 audiant:
2141 942 2380 997 navent
2423 936 2631 995 aliam

673 1073 935 1135 operam
951 1098 966 1128 ,
1037 1053 1238 1114 aliam
1291 1054 1528 1112 'ineant
1593 1055 1877 1131 qratiam
1896 1096 1911 1126 ,
1977 1053 2049 1112 in
2112 1051 2259 1111 aliis
2326 1070 2389 1110 se
2449 1052 2632 1112 rebus

671 1176 1020 1243 ostentent,
1093 1171 1349 1248 viqeant
1414 1169 1593 1247 apud
1639 1169 1834 1228 istam
1879 1167 2217 1228 mulierem
2261 1171 2593 1226 venustate
2612 1208 2633 1239 ‚

675 1286 1091 1346 dominentur
1137 1283 1492 1362 sumptibus
1511 1327 1526 1357 ,
1596 1283 1905 1343 haereant
1922 1327 1937 1357 ,
2007 1285 2260 1342 iaceant
2278 1326 2293 1356 ‚
2361 1281 2637 1342 deservi-

675 1405 794 1458 ant
814 1442 829 1471 ,
892 1399 1092 1476 capiti
1150 1415 1292 1456 vero
1355 1398 1709 1456 innocentis
1755 1396 2160 1473 fortunisque
2201 1399 2498 1473 parcant.
2547 1427 2638 1438 --

678 1508 1098 1593 Improbanda
1164 1508 1418 1572 videtur
1484 1507 1675 1572 lectio
1745 1513 1817 1570 in
1885 1508 2033 1569 aliis
2094 1529 2158 1569 se
2204 1510 2387 1569 rebus
2431 1514 2639 1568 osten-

680 1635 816 1690 tent
835 1672 850 1702 ,
920 1644 1115 1707 quum
1177 1625 1475 1687 constans
1521 1625 1588 1685 et
1633 1615 1843 1686 certus
1889 1620 2188 1705 loquendi
2231 1642 2382 1689 usus
2427 1618 2640 1702 requi-

680 1743 781 1804 rat
839 1723 941 1804 vel
1002 1748 1320 1803 ostentare
1363 1748 1679 1802 naturam
1726 1759 1773 1801 s.
1822 1740 2101 1801 indolem
2148 1758 2333 1800 suam
2352 1783 2367 1814 ,
2429 1734 2530 1799 vel
2576 1756 2642 1797 se
2707 1742 2716 1748 ‘

679 1866 998 1922 ostentare
1018 1905 1033 1934 ‚
1079 1860 1288 1939 qualis
1337 1878 1384 1918 S.
1432 1861 1543 1937 qui
1588 1861 1693 1918 sis.
1788 1854 2247 1939 Corrigendum
2291 1855 2446 1936 puto
2492 1854 2640 1914 aliis
2723 1909 2728 1913 .

681 1994 745 2034 se
810 1974 993 2035 rebus
1061 1979 1445 2048 sustentent,
1514 1970 1682 2054 quod
1748 1973 1893 2054 apte
1963 1991 2108 2033 cum
2151 1967 2278 2033 loci
2322 1967 2643 2036 sententia

683 2087 1000 2152 convenit.
1092 2085 1195 2150 Ex
1245 2086 1473 2151 ultima
1517 2086 1705 2150 litera
1749 2109 1807 2151 v.
1856 2091 2139 2169 qratiam
2159 2132 2174 2163 ,
2221 2084 2320 2149 bis
2366 2083 2601 2166 scripta
2620 2128 2641 2162 ‚

684 2209 756 2267 in
802 2205 1012 2267 ortum
1057 2224 1192 2265 esse
1239 2203 1427 2267 facile
1473 2205 1752 2296 apparet.

771 2547 852 2613 In
894 2548 1021 2612 fine
1068 2547 1336 2613 adiciam
1382 2551 1512 2611 tres
1559 2570 1639 2612 ex
1692 2546 1974 2612 Caesaris
2021 2547 2504 2614 Commentariis
2549 2548 2645 2611 lo·
2676 2552 2682 2558 ’

689 2684 791 2727 cos
804 2711 819 2740 ,
866 2662 979 2747 qui
1009 2661 1322 2726 editorum
1356 2662 1768 2747 neglegentia
1795 2662 2080 2726 nondum
2111 2662 2191 2727 ab
2222 2663 2396 2727 omni
2417 2661 2645 2725 mendo

658 2780 833 2869 ‚puri
878 2780 1195 2844 videntur.

771 2895 963 2959 Libro
1009 2895 1085 2959 de
1131 2895 1309 2959 Bello
1356 2893 1549 2959 Civili
1594 2892 1696 2957 ΙΠ
1711 2942 1726 2972 ,
1774 2893 1842 2959 O.
1896 2895 1981 2959 74
2026 2895 2096 2958 in
2143 2895 2223 2958 iis
2268 2894 2454 2959 rebus
2500 2914 2651 2957 nar-

555 3009 566 3018 ’
682 3013 897 3079 randis
921 3010 1150 3076 Caesar
1172 3014 1480 3091 versatur,
1507 3033 1668 3096 quae
1692 3014 1834 3095 post
1861 3011 2100 3075 cladem
2124 3010 2203 3074 ad
2224 3008 2650 3094 Dyrrachium

683 3131 1007 3213 acceptam
1075 3130 1294 3232 gestae
1364 3130 1533 3191 sunt.
1629 3125 2040 3192 Praecedenti
2108 3127 2313 3211 capite
2374 3127 2614 3212 legitur
2628 3172 2647 3204 ‚

685 3267 831 3308 eum
891 3266 928 3307 a
975 3242 1408 3327 superioribus
1455 3244 1739 3307 consiliis
1786 3244 2150 3327 depulsum,
2199 3264 2449 3307 omnem
2493 3242 2650 3306 belli

684 3359 997 3422 rationem
1073 3357 1195 3422 sibi
1265 3359 1774 3422 commutandam
1843 3358 2321 3422 existimavisse.
2418 3356 2651 3431 Quam·
2728 3387 2733 3392 ·

687 3473 903 3538 obrem
972 3494 1098 3536 uno
1163 3476 1443 3557 tempore
1515 3473 1847 3557 praesidiis
1916 3474 2206 3539 omnibus
2253 3475 2539 3541 deductis
2584 3476 2650 3537 et

686 3577 1158 3672 oppugnatione
1203 3587 1463 3651 dimissa
1509 3590 1843 3672 coactoque
1888 3590 1958 3652 in
2003 3611 2205 3653 unum
2233 3590 2442 3655 locum
2473 3612 2653 3654 exer-

688 3704 823 3769 citu
891 3704 1251 3769 contionem
1320 3727 1464 3769 eum
1532 3704 1828 3769 habuisse
1851 3754 1866 3784 ‚
1912 3727 2036 3790 qua
2079 3707 2317 3771 milites
2363 3708 2650 3771 hortatus

689 3822 855 3884 esset
875 3860 891 3893 ,
979 3843 1061 3885 ne
1129 3842 1234 3898 ea,
1326 3841 1485 3905 quae
1554 3821 1934 3886 accidissent
1952 3870 1967 3900 ‚
2042 3823 2326 3907 graviter
2390 3824 2651 3887 ferrent.

689 3935 937 4000 Deinde
984 3936 1055 4000 in
1098 3936 1269 4000 hunc
1314 3936 1569 4001 modum
1618 3938 1864 4022 pergit:
1935 3941 2073 4001 Hac
2117 3942 2334 4001 habita
2365 3944 2653 4002 contione

688 4053 1031 4114 nonnullos
1079 4055 1416 4132 siqniferos
1463 4056 1823 4133 i9nominia
1867 4057 2115 4115 notavit
2158 4074 2237 4115 ac
2276 4055 2402 4115 loeo
2433 4056 2650 4115 movit.

691 4170 1024 4231 Exere-itui
1070 4165 1328 4248 quidem
1373 4173 1552 4230 omni
1598 4177 1818 4233 tantus
1865 4174 2119 4233 incessit
2149 4191 2229 4232 ex
2258 4171 2652 4232 incommodo

691 4285 866 4346 dolor
887 4331 902 4362 ‚
950 4292 1024 4347 ut
1050 4331 1225 4346 .....
1276 4304 1491 4346 omnes
1537 4288 1840 4348 arderent
1885 4289 2238 4366 cupiditate
2275 4286 2618 4366 puqnandi
2634 4328 2655 4362 ,

3087 562 3096 584 ο

3115 1029 3116 1034 Α
3107 379 3117 1006 ᾼῴᾼᾹᾼΑᾼ--ι--Α-ᾃ-ῌᾼμ-
3103 295 3111 332 ι
3101 235 3111 264 n
3108 135 3110 212 μ
3107 77 3108 88 ᾼ
3107 11 3108 18 ᾼ

3111 1837 3126 2148 μιᾼιῌ--ι-...ῤ
3094 1435 3123 1814 ᾠᾼΛ-Αῄ,
3116 1371 3121 1404 .,-
3113 1291 3119 1314 Α

3121 2643 3131 2790 *M*
3121 2553 3131 2618 ⁴.—
3117 2225 3129 2490 Qff-A..
3115 2177 3126 2200 st
