3142 5167
1452 523 1538 585 81·

522 732 666 809 quis
709 748 855 790 eum
900 730 981 788 iis
1027 727 1286 805 colloqui
1324 731 1542 805 possit.
1571 763 1655 772 —
1682 723 1805 799 Qui
1835 724 2046 788 subito
2077 726 2147 789 in
2168 729 2488 810 quaestio-

519 864 666 906 nem
733 840 981 924 abrepti
1041 842 1193 903 sunt
1213 887 1228 917 ‚
1297 859 1401 903 eos
1449 841 1517 904 in
1564 861 1812 905 carcere
1858 862 1895 903 a
1942 821 2168 904 ceteris
2214 845 2482 926 captivis

504 957 814 1041 separari,
862 978 941 1019 ex
964 957 1121 1040 ipsa,
1170 956 1409 1039 opinor,
1449 956 1542 1019 rei
1566 958 1798 1020 natura
1821 956 2125 1040 sequitur.
2176 956 2488 1033 Quamob-

518 1097 652 1138 rem
698 1075 1103 1157 expungatur
1146 1071 1483 1135 molestum
1530 1071 1841 1135 emblema
1886 1081 2123 1135 tamen.

605 1190 766 1254 Ibid.
835 1190 938 1252 25.
991 1190 1094 1254 67.
1192 1192 1263 1253 Si
1310 1192 1612 1253 Milonem
1659 1195 1877 1267 times,
1933 1195 1989 1252 si
2032 1195 2203 1253 hunc
2247 1195 2326 1254 de
2368 1202 2486 1256 tua

514 1311 653 1370 vita
719 1310 974 1386 nefarie
1040 1314 1159 1368 aut
1225 1327 1400 1368 nune
1467 1310 1743 1387 coqitare
1758 1354 1775 1383 ,
1847 1287 1964 1368 aut
2022 1308 2316 1370 molitum
2365 1311 2485 1371 ali-

512 1425 767 1503 quando
834 1425 1080 1503 aliquid
1140 1428 1337 1502 putas
1354 1468 1373 1498 ‚
1443 1425 1498 1483 si
1565 1422 1797 1482 Italiae
1861 1422 2133 1483 delectus
2159 1469 2355 1484 .....
2428 1428 2486 1486 si

515 1539 754 1599 delecta
799 1541 1098 1599 iuventus
1120 1585 1134 1599 .
1160 1584 1174 1599 .
1202 1585 1215 1600 .
1242 1585 1256 1599 .
1306 1546 1528 1599 contra
1578 1537 1832 1598 Milonis
1878 1541 2191 1617 impetum
2222 1548 2482 1601 armata

516 1660 610 1715 est
629 1700 643 1714 .
669 1700 683 1713 .
716 1700 730 1714 .
761 1699 776 1728 ‚
822 1674 1061 1734 ma9na
1108 1658 1180 1715 in
1225 1657 1335 1715 hoc
1381 1662 1545 1716 certe
1591 1658 1686 1715 vis
1717 1661 1779 1714 et
1805 1656 2192 1717 incredibilis
2222 1659 2486 1744 animus

517 1776 579 1829 et
623 1788 754 1830 non
778 1772 975 1830 unius
1001 1771 1127 1828 viri
1151 1771 1315 1829 vires
1338 1775 1528 1847 atque
1556 1788 1699 1848 opes
1724 1769 2116 1830 iudicantur.
2145 1805 2233 1816 —-
2257 1766 2485 1850 Inepte

517 1882 729 1946 editur
794 1903 1034 1964 maqna
1104 1887 1177 1944 in
1222 1885 1333 1944 hoo
1359 1929 1373 1943 .
1405 1929 1418 1942 .
1450 1930 1463 1943 .
1535 1885 1630 1943 vis
1658 1929 1672 1942 .
1699 1909 1716 1942 ·.
1747 1928 1760 1941 .
1833 1889 1893 1942 et
1937 1902 2068 1943 non
2112 1886 2310 1945 unius
2356 1887 2486 1944 viri

516 2004 702 2082 vires.
798 1995 868 2062 Si
914 2000 1084 2063 recte
1131 1998 1340 2062 locum
1386 1997 1694 2080 intellego
1717 2043 1732 2073 ‚
1801 2002 1895 2059 vis
1940 1998 2154 2079 spuria
2197 2018 2320 2060 vox
2365 2001 2479 2061 est.

500 2111 747 2177 -Omnia
813 2114 938 2176 rite
1009 2116 1078 2175 et
1162 2111 1381 2177 ordine
1449 2110 1800 2194 procedunt
1817 2157 1832 2186 ‚
1915 2111 1973 2172 si
2051 2112 2481 2176 emendaveris

512 2252 755 2325 maqna
822 2235 894 2293 in
962 2234 1073 2292 hoc
1141 2237 1305 2292 certe
1370 2233 1579 2291 virtus
1646 2237 1707 2290 et
1770 2230 2159 2290 incredibilis
2219 2234 2482 2292 animus

511 2346 660 2409 cett.

601 2457 761 2523 Ibid.
840 2460 943 2522 25.
1022 2460 1125 2522 69.
1224 2460 1402 2533 Quod
1469 2462 1525 2519 si
1571 2459 1739 2520 loeas
1788 2459 2012 2519 Miloni
2055 2461 2247 2522 datus
2293 2468 2480 2537 esset,

507 2578 831 2655 probasset
891 2580 1177 2656 profecto
1245 2578 1360 2637 tibi
1426 2580 1586 2656 ipsi,
1650 2580 1976 2638 neminem
2024 2597 2330 2656 amquam
2377 2580 2484 2639 ho-

511 2692 758 2773 minem
801 2692 1049 2750 homini
1092 2693 1404 2751 cariorem
1450 2693 1653 2766 fuisse
1697 2711 1893 2769 quam
1939 2698 2000 2751 te
2043 2692 2176 2751 sibi.
2218 2725 2303 2738 -—
2335 2688 2482 2753 Nisi

514 2802 726 2866 omnia
772 2824 873 2866 me
919 2802 1154 2866 fallunt
1170 2850 1185 2880 ,
1256 2823 1387 2864 non
1432 2806 1592 2883 ipsi,
1646 2802 1754 2865 sed
1800 2808 1934 2884 ipse
1978 2801 2319 2886 legendum
2364 2808 2478 2869 est.

511 2917 593 2982 In
660 2919 945 3003 proxime
1014 2940 1182 3003 seqq.
1228 2917 1410 3000 'quae
1454 2923 1511 2982 si
1556 2940 1688 2982 non
1726 2922 2025 3000 probaret
2043 2966 2058 2996 ,
2128 2925 2184 2982 si
2227 2923 2343 2982 tibi
2386 2926 2482 2984 ita

505 3037 771 3115 penitus
818 3038 1193 3097 inhaesisset
1236 3039 1365 3097 ista
1410 3038 1683 3116 suspicio
1704 3082 1719 3112 ,
1748 3083 1985 3098 ......
2045 3040 2322 3099 cessisset
2357 3058 2482 3118 pa-

510 3153 663 3228 tria,
711 3149 1154 3233 corrigendum
1199 3172 1334 3215 esse
1365 3154 1687 3233 probasset
1715 3152 1825 3214 vix
1855 3134 2282 3217 admonitione
2312 3156 2475 3237 eget.

602 3263 728 3329 Pro
796 3264 1009 3330 Caelio
1056 3268 1095 3330 6
1118 3314 1133 3343 ,
1206 3269 1323 3344 14,
1390 3270 1726 3352 postquam
1777 3267 1932 3331 satis
1978 3269 2224 3352 copiose
2269 3271 2476 3332 orator

514 3380 591 3445 de
663 3380 979 3446 Catilinae
1048 3383 1114 3445 et
1181 3380 1383 3446 Caelii
1442 3384 1914 3449 necessitudine
1956 3384 2259 3463 disseruit
2303 3389 2369 3449 et
2415 3385 2479 3450 id

523 3497 659 3581 egit
675 3545 690 3576 ‚
761 3499 833 3561 ut
900 3496 1292 3562 auditoribus
1349 3500 1788 3583 persuaderet,
1830 3521 1938 3572 ‚ne
1965 3539 1968 3546 ·
2000 3517 2103 3564 eos
2139 3504 2279 3564 >tam
2323 3501 2479 3565 artis

519 3613 843 3677 amicitiae
920 3613 1195 3676 vinculis
1270 3616 1641 3681 coniunctos
1707 3609 1903 3679 fuisse
1973 3605 2300 3679 crederent
2319 3663 2334 3692 ,
2403 3619 2477 3678 ut

514 3724 765 3791 Caelius
831 3727 901 3790 in
947 3728 1416 3791 coniuratorum
1460 3750 1723 3792 numero
1767 3730 1995 3791 fuisset
2012 3776 2027 3805 ‚
2090 3729 2181 3792 ita
2227 3729 2480 3793 conclu-

498 3840 650 3903 ffit:
749 3844 890 3916 Qua
934 3864 1005 3904 re
1049 3847 1174 3905 ista
1220 3848 1494 3906 conditio
1514 3890 1529 3921 ‚
1599 3847 1838 3908 iudices
1858 3891 1873 3920 ,
1940 3852 2318 3924 respuatur,
2364 3865 2478 3906 nec

521 3959 834 4025 Catilinae
858 3964 1335 4042 familiaritatis
1365 3966 1609 4024 crimen
1632 3966 1912 4024 haereat.
1942 3999 2023 4009 -
2049 3960 2232 4024 Ferri
2254 3961 2478 4044 nequit

520 4078 794 4138 conditio
821 4124 835 4153 ‚
908 4076 1071 4160 quod
1139 4077 1314 4139 omni
1381 4098 1571 4140 sensu
1605 4079 1830 4146 caret.
1938 4076 2153 4142 Facile
2220 4079 2479 4160 apparet

513 4192 778 4267 suspitio
848 4211 1061 4253 veram
1129 4190 1470 4254 lectionem
1541 4212 1677 4254 esse
1693 4238 1707 4265 ,
1782 4175 1976 4273 quum
2044 4190 2125 4254 ad
2170 4212 2242 4253 ea
2287 4189 2479 4253 verba

511 4306 861 4386 respexeris
878 4354 893 4383 ‚
965 4306 1192 4390 quibus
1261 4306 1366 4370 hic
1432 4306 1608 4370 locus
1682 4306 2111 4370 introducitur
2134 4352 2149 4382 ‚
2216 4308 2256 4368 4
2276 4353 2291 4382 ‚
2365 4306 2474 4370 10:

2127 4425 2156 4485 1
2171 4425 2201 4486 1
