3142 5167
1445 526 1527 590 65

600 732 668 798 G.
724 735 803 797 18
826 780 842 811 ‚
896 735 1016 796 11:
1109 735 1219 797 Est
1262 716 1346 795 ‘et
1390 736 1525 796 alia
1569 739 1708 798 eius
1753 695 2012 815 epistola
2059 756 2186 814 qua
2228 739 2473 814 qratias
2581 725 2592 734 ⁶

510 851 818 913 Ballistae
885 854 981 911 ait
1001 895 1016 926 ,
1085 853 1156 910 in
1223 870 1349 929 qua
1416 852 1623 926 docet,
1694 853 1810 912 sibi
1864 858 2207 930 praecepta
2252 852 2472 930 quber-

510 968 767 1028 nandae
832 968 929 1027 rei
990 986 1056 1044 p.
1129 967 1205 1026 ab
1251 968 1464 1027 eodem
1508 969 1666 1028 data
1685 1012 1700 1043 ‚
1761 968 2044 1046 9audens
2063 1012 2078 1041 ‚
2125 968 2290 1045 quod
2335 969 2471 1027 eius

510 1082 767 1143 consilio
811 1082 1066 1143 nullum
1114 1082 1597 1160 adscripticium
1616 1127 1632 1159 ,
1692 1084 1760 1142 id
1808 1090 1900 1144 est
1945 1089 2277 1143 vacantem
2294 1125 2310 1155 ‚
2358 1084 2473 1141 ha—

508 1199 675 1259 beret
737 1203 798 1257 et
843 1198 1177 1258 tribunum
1221 1198 1476 1258 nullum
1522 1202 1931 1277 stipatorem,
2002 1201 2111 1277 qui
2155 1217 2286 1258 non
2331 1217 2474 1257 vere

505 1313 751 1392 aliquid
796 1317 1026 1391 ayeret.
1078 1346 1158 1356 —
1209 1308 1465 1387 Leviter
1509 1312 1664 1376 haec
1708 1310 2038 1395 purganda
2084 1313 2254 1374 sunt.
2331 1308 2472 1374 Pri-

510 1449 683 1491 mum
751 1447 862 1510 pro
931 1431 1027 1489 ait
1087 1427 1346 1519 requiro·
1409 1432 1542 1508 a9it
1569 1475 1584 1504 ‚
1657 1426 1883 1511 deinde
1931 1436 1991 1490 et
2035 1435 2177 1510 post.
2222 1428 2475 1488 haberet

512 1541 848 1606 delendum
893 1543 1020 1622 est,
1068 1541 1300 1625 quippe
1346 1541 1510 1625 quod
1554 1564 1668 1626 per
1697 1542 2189 1627 dittographiam
2215 1542 2475 1606 ultimae

514 1659 793 1743 syllabae
856 1661 1063 1722 ortum
1129 1660 1248 1735 sit3
1317 1662 1457 1723 {zum
1518 1681 1666 1723 vero
1729 1682 1828 1724 vv.
1894 1663 1963 1723 id
2008 1655 2099 1723 est
2143 1668 2476 1723 vacantem

515 1773 695 1838 uncis
741 1770 1168 1836 includantur.
1262 1769 1675 1836 Scribendum
1719 1793 1870 1857 ergo
1915 1773 2074 1836 erit:
2130 1776 2294 1855 quod
2340 1778 2477 1837 eius

515 1871 768 1952 consilio
813 1890 1068 1952 nullum
1115 1892 1597 1969 adscripticium
1640 1892 1890 1951 haberet
1916 1871 2283 1965 tribunum,
2329 1890 2478 1951 nul-

514 2007 651 2068 lum
696 2009 1068 2086 stipatorem
1116 2013 1254 2067 cett.
1337 2001 1715 2086 Ascripticii
1758 2003 2005 2067 iribuni
2051 2002 2267 2067 eodem
2295 2003 2477 2068 modo

516 2121 672 2185 dicti
716 2123 889 2195 sunt,
938 2141 1061 2203 quo
1105 2120 1342 2184 milibes
1388 2119 1766 2203 ascriptieii,
1814 2119 1890 2183 de
1921 2093 2149 2203 qdibus
2182 2119 2261 2183 ef.
2295 2117 2473 2182 Paul.

512 2235 692 2304 Diae.
740 2259 802 2322 p.
856 2215 973 2315 14.
1027 2238 1122 2300 13.
1475 2218 1480 2223 ’

602 2352 669 2417 O.
735 2354 817 2418 30
838 2400 853 2431 ,
914 2354 1032 2415 11:
1129 2354 1295 2428 Quid
1361 2355 1438 2413 de
1505 2353 1649 2414 divo
1725 2353 1988 2414 Claudio
2015 2397 2299 2426 .......
2367 2355 2478 2432 qui

513 2492 655 2534 eam
675 2518 689 2533 .
720 2519 734 2532 .
764 2518 778 2533 .
809 2518 822 2533 .
867 2491 1096 2550 passus
1143 2491 1271 2531 esse
1316 2472 1555 2532 dicitur
1602 2473 1967 2550 imperare?
2015 2472 2203 2549 idque
2248 2471 2480 2531 occulte

515 2609 590 2651 ac
628 2591 1015 2682 prudenter?⁸⁸²
1057 2596 1133 2649 ut
1177 2588 1292 2649 illa
1337 2593 1631 2649 servante
1676 2588 2005 2649 orientalis
2035 2588 2193 2667 fines
2219 2589 2479 2667 imperii

523 2707 652 2784 ipse
711 2695 993 2767 securius
1055 2726 1215 2784 quae
1274 2701 1647 2766 instituerat
1705 2711 2125 2784 perpetraret.
2193 2740 2273 2750 —
2322 2699 2478 2767 Sen-

460 2797 469 2806 .
519 2818 725 2881 tentia
770 2817 1046 2902 postulaiz
1091 2821 1369 2888 consulte
1416 2840 1488 2881 ac
1529 2821 1903 2900 prudenter.

609 2933 769 2999 Ibid.
846 2938 926 2999 12
995 2905 1361 3030 [Zeriobiae]
1428 2957 1504 2998 ea
1571 2940 1833 2999 castitas
1877 2938 2079 3016 fuisse
2122 2938 2360 2997 dicitur
2404 2941 2479 2997 ut

521 3071 601 3112 ne
669 3053 883 3112 virum
944 3071 1134 3113 suum
1193 3037 1467 3132 quide‘m·
1513 3055 1725 3113 scierit
1785 3053 1916 3113 nisi
1960 3054 2288 3132 temptatis
2333 3070 2479 3112 con-

520 3168 920 3247 ceptionibus.
968 3204 1051 3212 —
1081 3147 1326 3230 Hofum
1376 3167 1705 3231 verborum
1751 3187 1970 3230 sensus
2016 3165 2257 3250 percipi
2302 3164 2502 3246 mfflo,

520 3280 703 3346 modo
792 3281 952 3345 mihi
1041 3304 1219 3365 posse
1294 3283 1545 3347 videtur
1563 3330 1579 3361 ‚
1656 3283 1784 3347 nisi
1851 3282 1945 3346 iia
2010 3282 2478 3347 emendaveris:

519 3402 738 3462 siverit
812 3401 941 3459 nisi
1009 3402 1397 3479 temptandis
1414 3446 1432 3476 ‚
1508 3397 1883 3482 praesertim
1942 3418 2138 3481 quum
2183 3396 2478 3480 deinceps

517 3516 670 3581 haee
716 3515 1049 3599 leguntur:
1096 3538 1254 3579 nam
1299 3539 1446 3580 cum
1492 3520 1681 3579 semel
1725 3520 2182 3594 concubuisset,
2231 3539 2479 3598 eoespec-

517 3640 671 3698 tatis
742 3619 1089 3732 menstruis
1156 3638 1512 3698 continebat
1581 3658 1677 3713 se,
1748 3641 1803 3698 si
1863 3656 2240 3734 praeqnang
2287 3643 2476 3713 esset,

518 3756 620 3813 sin
697 3756 917 3816 minus
942 3799 958 3828 ‚
1050 3757 1288 3815 iterum
1358 3760 1739 3833 potestatem
1814 3754 2194 3832 quaerendis
2270 3752 2478 3813 liberis

519 3867 727 3928 dabat.
806 3903 877 3913 —-
949 3862 1169 3954 Sinere
1233 3865 1294 3928 h.
1353 3866 1394 3929 l.
1468 3865 1734 3930 eandem
1798 3865 1929 3928 vim
1994 3864 2221 3930 habere
2289 3867 2444 3948 puta
2463 3911 2478 3942 ,

521 3998 708 4060 quam
753 3979 947 4064 vulgo
993 3979 1326 4044 admittere
1370 3981 1578 4045 habet.
2179 4059 2189 4068 ‚

607 4091 766 4157 Ibid.
840 4096 959 4158 18:
1051 4098 1223 4157 Bibit
1292 4116 1476 4177 saepe
1543 4117 1691 4160 eum
1758 4098 2018 4160 ducibus
2036 4143 2051 4172 ‚
2118 4115 2265 4158 cum
2325 4104 2481 4159 esset

521 4208 683 4271 alias
750 4213 1001 4289 sobria;
1075 4211 1226 4271 bibit
1294 4217 1356 4272 et
1421 4231 1567 4274 cum
1638 4212 1849 4273 Persis
1894 4218 2081 4291 atque
2124 4212 2447 4275 Armeniis
2465 4258 2480 4289 ‚

528 4333 595 4386 ut
664 4347 761 4398 eos
791 4301 799 4314 ⁶
830 4335 1122 4394 vinceret.
1195 4348 1315 4391 usa
1382 4335 1472 4391 est
1540 4332 1709 4392 vasis
1755 4333 1972 4394 aureis
2016 4333 2351 4409 yemmatis
2397 4333 2483 4395 ad

2167 4444 2228 4512 θ

2481 3267 2510 3302 θ
2573 3240 2581 3250 .
