3142 5167
728 1307 1257 1435 DIALOGUS
1331 1327 1467 1432 DE
1544 1337 2229 1435 ORATORIBUS.
2291 1450 2296 1456 ,

590 2012 657 2075 O.
713 2012 784 2074 9:
876 2012 1047 2073 Nam
1106 2014 1401 2072 carmina
1461 2018 1520 2070 et
1567 2031 1784 2073 versus
1810 2058 1824 2072 .
1855 2058 1869 2072 .
1899 2058 1913 2072 .
1944 2058 1958 2072 .
2007 2031 2209 2090 neque
2253 2012 2462 2089 diqni-

502 2136 700 2189 tatem
762 2127 965 2188 ullam
1011 2128 1372 2188 auctoribus
1419 2129 1552 2187 suis
1598 2129 1977 2202 conciliant,
2038 2147 2240 2206 neque
2284 2121 2463 2186 utili-

500 2252 662 2306 tates
707 2245 927 2319 alunt,
994 2244 1382 2322 voluptatem
1429 2250 1649 2304 autem
1696 2245 1972 2320 brevem,
2014 2244 2273 2304 laudem
2319 2244 2464 2301 ina-

499 2382 649 2422 nem
694 2367 755 2422 et
801 2361 1274 2438 infructuosam
1312 2365 1805 2450 consequuntur.
1837 2394 1918 2405 —
1944 2346 2091 2421 Cod.
2126 2355 2464 2418 lectionem

500 2481 810 2541 utilitates
856 2476 1005 2559 quia
1051 2474 1435 2538 sententiam
1482 2495 1737 2557 prorsus
1784 2473 2242 2537 incommodam
2287 2494 2466 2556 prae—

501 2593 675 2671 beat,
744 2593 1036 2656 Ritterus
1098 2596 1381 2656 utilitate
1431 2608 1528 2654 eos
1576 2590 1980 2655 scribendum
2028 2612 2161 2654 csse
2210 2590 2462 2654 conicit.

501 2704 735 2770 Nescio
802 2729 884 2770 an
951 2708 1184 2770 rectius
1246 2710 1588 2788 facultates
1635 2708 2024 2790 scripsisset,
2093 2707 2467 2790 praesertim

507 2845 702 2907 quum
779 2823 1048 2906 respicio
1123 2823 1201 2887 ad
1270 2844 1374 2900 ea,
1443 2844 1604 2906 quae
1670 2823 1974 2906 leguntur
2042 2844 2093 2886 c.
2151 2825 2226 2888 8:
2298 2826 2467 2887 Nam

507 2963 627 3021 quo
693 2944 1012 3003 sordidius
1065 2949 1124 3003 et
1170 2944 1470 3003 abiectius
1515 2945 1662 3002 nati
1706 2931 1897 3002 sunt.
1927 2989 1943 3005 .
1972 2989 1986 3003 .
2017 2989 2030 3003 .
2082 2962 2150 3004 eo
2195 2943 2469 3003 clariora

510 3065 570 3119 et
595 3105 609 3119 .
640 3105 654 3119 .
684 3105 697 3118 .
728 3105 742 3119 .
794 3059 1149 3136 illustriora
1195 3059 1485 3137 exempla
1531 3065 1715 3133 sunt,
1764 3061 1928 3138 quod
1973 3062 2110 3119 sine
2155 3077 2469 3120 commen-

508 3178 765 3236 datione
831 3176 1156 3236 natalium
1184 3221 1199 3251 ‚
1269 3178 1406 3236 sine
1474 3175 1833 3236 substantia
1901 3176 2292 3251 facultatum
2318 3221 2332 3235 .
2362 3221 2376 3236 .
2405 3222 2420 3236 .
2450 3221 2465 3235 .

502 3312 620 3371 per
701 3291 931 3351 multos
1000 3293 1136 3351 iam
1207 3310 1409 3352 annos
1473 3293 1906 3370 potentissimi
1975 3297 2126 3351 sunt
2194 3293 2470 3352 civitatis

509 3409 655 3471 cett
713 3443 794 3452 —
850 3407 1210 3468 Facultates
1278 3405 1338 3468 h.
1387 3404 1429 3467 1.
1503 3406 1654 3467 sunt
1721 3403 1913 3481 bona,
1986 3403 2470 3487 patrimonium,
2547 3377 2552 3382 U

508 3545 770 3608 quorum
841 3523 974 3585 vim
1043 3544 1225 3606 saepe
1294 3521 1530 3586 habent,
1596 3521 1761 3605 apud
1836 3523 2174 3605 argenteae
2244 3523 2471 3586 aetatis

508 3643 869 3725 scriptores3
915 3640 992 3703 cf
1088 3638 1286 3714 Quint
1331 3639 1401 3702 in
1452 3640 1493 3701 f.
1544 3660 1816 3722 prooem
1867 3636 1938 3702 L.
1991 3641 2064 3703 6·
2132 3643 2472 3721 facultates

504 3760 887 3835 patrimonii
956 3759 1159 3816 nostri
1205 3756 1351 3815 aliis
1398 3755 1874 3834 relinquemus;
1945 3751 2115 3817 Suet.
2165 3753 2345 3818 Galb.
2398 3758 2471 3818 3:

486 3874 753 3931 ‘attritis
826 3871 1242 3949 facultatibus
1311 3868 1463 3929 urbe
1531 3872 1713 3929 cessit
1732 3890 1757 3945 ;
1826 3864 2079 3930 Patron.
2129 3865 2256 3931 Sat.
2312 3871 2472 3932 112:

511 3987 819 4065 quidquid
887 3986 1031 4045 boni
1098 4003 1214 4062 per
1281 3984 1620 4060 facultates
1662 3990 1945 4062 poterat,
2011 3986 2337 4046 coemebat.
2389 3971 2464 4032 '-

512 4101 694 4161 Alere
735 4099 798 4162 h.
849 4098 889 4161 l.
942 4095 1217 4182 augendi
1263 4095 1395 4158 vim
1441 4098 1506 4158 ct
1550 4096 1877 4160 notionem
1921 4096 2110 4160 habet
2128 4146 2143 4175 ,
2191 4100 2264 4161 ut
2308 4099 2476 4182 apud

513 4213 650 4278 Liv.
726 4218 806 4279 28
829 4263 844 4293 ‚
917 4218 1035 4279 24:
1107 4216 1275 4275 alere
1321 4234 1607 4275 rumores
1625 4237 1651 4292 ;
1721 4210 1882 4297 Nep.
1931 4211 2118 4279 Phoc.
2172 4218 2245 4278 1:
2306 4218 2476 4279 alere

513 4335 848 4396 luxuriam
894 4333 1039 4396 cett.

2172 4449 2207 4514 7
