3142 5167
1602 529 1716 574 XIV

676 704 952 769 habenda
1009 703 1291 767 existimo
1306 750 1321 781 ,
1385 726 1568 788 quam
1611 708 1859 771 dubiam
1906 708 2265 790 plerumque
2304 716 2384 782 et⁴
2407 710 2634 793 ancipi-

676 868 798 922 tem
838 858 1114 921 codicum
1154 859 1354 921 fidem.
1441 860 1520 923 Et
1558 868 1741 923 erunt
1777 863 2062 938 fortasse,
2128 862 2233 943 qui
2273 861 2494 928 acriter
2534 883 2633 926 me

674 1012 1051 1093 vituperent,
1108 1010 1271 1090 quod
1313 1017 1443 1071 tam
1482 1018 1713 1073 temere
1752 1020 1814 1074 et
1853 1012 2275 1094 imprudenter
2315 1014 2380 1074 in
2420 1009 2636 1077 critica

676 1172 947 1228 versatus
985 1166 1103 1229 sim
1118 1213 1133 1244 ,
1178 1177 1249 1232 ut
1288 1170 1483 1251 qualis
1523 1169 1651 1231 ficti
1691 1168 2024 1250 Archetypi
2066 1167 2406 1249 antiquitus
2446 1170 2630 1251 scrip-

671 1325 810 1380 tura
876 1318 1063 1381 fuerit
1125 1321 1254 1383 fere
1312 1339 1613 1403 nusquam
1675 1322 2040 1401 investigare
2101 1339 2394 1404 curarem.
2500 1321 2627 1385 Hos

669 1474 1132 1556 reprehensores
1189 1475 1389 1555 legere
1450 1475 1657 1550 velim,
1722 1493 1877 1555 quae
1918 1474 2182 1536 Cobetus
2197 1522 2214 1548 ,
2280 1474 2625 1537 carissimus

662 1632 1050 1708 praeceptor,
1113 1628 1420 1707 praeclare
1461 1627 1597 1688 hac
1657 1626 1732 1688 de
1773 1645 1839 1687 re
1880 1625 2123 1708 scripsit
2163 1628 2252 1706 (in
2301 1626 2625 1708 Hyperidis

665 1777 987 1840 Orationis·
1027 1776 1324 1839 Funebris
1385 1777 1733 1840 recensione
1792 1799 1852 1860 p.
1916 1777 1998 1839 26
2045 1777 2204 1859 sqq).
2287 1776 2420 1850 Quo
2460 1779 2622 1840 facto

662 1937 860 1999 nescio
900 1956 978 1998 an
1019 1937 1504 2020 Archetyporum
1544 1937 1975 2000 auctoritatem
1983 1964 1995 1995 κ
2018 1937 2328 2018 aliquanto
2370 1937 2622 2000 minoris

663 2090 1042 2153 aestimaturi
1081 2090 1216 2152 sint.

742 2243 945 2316 Quum
1008 2264 1119 2308 nec
1178 2244 1438 2307 scribere
1501 2254 1745 2307 tantum
1785 2265 1896 2307 nec
1937 2252 2184 2307 tantum
2224 2247 2450 2328 legere,
2514 2250 2622 2310 sed

661 2399 919 2463 invicem
961 2400 1081 2463 huc
1136 2407 1199 2462 et
1236 2400 1381 2463 illuc
1421 2419 1758 2464 commeare
1799 2401 2199 2463 instituissem
2241 2402 2619 2483 alterumque

658 2554 850 2616 altero
890 2561 1256 2636 temperare,
1298 2554 1563 2616 multum
1586 2549 1814 2617 'abesse
1854 2553 2113 2631 videbiS,
2155 2562 2228 2617 ut
2261 2555 2340 2617 ad
2366 2556 2618 2619 eandem

656 2724 934 2770 normam
998 2705 1325 2768 direxerim
1374 2705 1594 2767 omnia.
1677 2706 1995 2768 Interdum
2034 2705 2227 2768 fusius
2269 2706 2516 2788 quidem
2559 2716 2621 2770 et

655 2852 839 2926 latius
855 2869 878 2875 ”
900 2853 1209 2945 disputare
1271 2870 1520 2925 conatus
1584 2882 1743 2939 sum,
1809 2847 2166 2945 plerumque
2225 2882 2368 2925 vero
2408 2843 2633 2945 paucis¹

657 3037 788 3080 rem
827 2995 1054 3080 absolvi
1071 3064 1086 3093 ,
1148 3009 1331 3100 prout
1375 3018 1465 3079 vel
1506 3017 1640 3099 ipsa
1679 3036 1775 3079 res
1817 3017 2127 3097 postulare
2166 3018 2293 3079 visa
2335 3025 2456 3094 est,
2524 3020 2617 3080 vel

658 3173 859 3235 animo
925 3190 1156 3233 morem
1205 3189 1415 3251 gerere
1455 3173 1698 3253 placuit.
1785 3172 1882 3233 Ita
1921 3173 2150 3233 factum
2192 3180 2312 3248 est,
2377 3179 2451 3233 ut
2490 3191 2617 3235 sae-

656 3329 791 3411 pius
837 3327 1252 3409 quaestionem
1293 3328 1545 3409 singulis
1588 3329 1786 3390 verbis
1826 3346 2133 3390 moverem
2161 3303 2391 3409 magis,
2434 3345 2616 3409 quam

654 3484 775 3545 rite
815 3490 878 3546 et
902 3482 1128 3563 vordine
1170 3489 1532 3545 excuterem.
1609 3477 1807 3552 Quam
1850 3483 1927 3544 ob
1968 3500 2124 3556 rem,
2169 3481 2318 3561 quin
2358 3482 2423 3542 in
2466 3502 2614 3562 quo·-

653 3640 908 3701 rundam
951 3623 1472 3719 reprehensionem
1503 3636 1838 3714 incurram,
1882 3631 2008 3698 fere
2028 3656 2149 3698 non
2180 3636 2410 3699 dubito.
2455 3636 2611 3697 Sunt

653 3793 814 3855 enim
832 3838 847 3869 ‚
917 3798 1013 3854 'sat
1077 3789 1202 3853 scio
1218 3837 1233 3866 ,
1304 3789 1410 3872 qui
1474 3791 1625 3852 nihil
1675 3790 2005 3871 quidquam
2045 3790 2303 3872 probare
2345 3791 2607 3866 soleant,

650 3946 767 4008 nisi
827 3945 991 4025 quod
1046 3945 1285 4008 'minute
1346 3952 1408 4006 et
1474 3945 1710 4007 concise
1770 3952 2130 4022 tractatum,
2204 3933 2398 4026 atque
2432 3945 2613 4006 anxia

651 4097 912 4177 quadam
938 4104 1003 4158 et
1029 4115 1270 4158 morosa
1294 4097 1633 4159 subtilitate
1663 4096 2036 4157 elaboratum
2065 4096 2609 4176 elucubratumque

586 4329 595 4336 ³
648 4249 749 4313 sit.
824 4250 951 4330 Ego
992 4268 1160 4321 ver0,
1217 4247 1472 4310 forsitan
1514 4247 1712 4323 fallar,
1758 4248 2080 4344 molestum
2137 4248 2456 4309 verborum
2505 4266 2610 4308 an-

649 4404 911 4467 fractum
971 4403 1242 4468 taedium
1302 4401 1641 4484 legentibus
1702 4387 1767 4468 et
1826 4400 2137 4466 fastidium
2199 4403 2380 4466 nimis
2431 4420 2610 4483 saepe
