3142 5167
1399 510 1481 573 73

470 745 573 785 me
617 726 763 784 dius
808 723 1002 801 fidius
1021 765 1036 795 ‚
1096 723 1208 780 vix
1251 721 1504 781 videtur
1550 726 1640 779 tot
1686 739 1817 793 res,
1864 724 2001 778 tam
2046 718 2423 797 dissipatas,

464 847 601 900 tam
667 838 1053 901 distantibus
1113 839 1186 896 in
1229 836 1375 896 loeis
1415 839 1691 914 positas,
1757 842 1894 895 tam
1940 837 2062 895 cito
2107 834 2427 894 absorbere

455 959 772 1035 potuisse,
821 953 891 1016 in
935 952 1162 1037 quibus
1210 960 1374 1042 tam·
1400 987 1473 997 -
1493 957 1738 1033 positas
1783 960 1825 1013 a·
1863 948 2263 1035 grammatici
2311 968 2424 1010 ne-

461 1071 592 1134 scio
648 1070 827 1134 ouius
872 1090 1067 1133 manu
1134 1068 1414 1151 profecta
1483 1068 1753 1145 conici0‚
1799 1067 1992 1131 nimis
2038 1065 2297 1130 solliciti
2343 1085 2423 1128 ne

459 1191 804 1267 dissipatas
873 1187 933 1248 h.
985 1184 1027 1247 l.
1100 1189 1370 1266 effusas,
1442 1193 1849 1266 consumptas
1916 1184 2124 1248 valere
2169 1185 2423 1266 putare-

455 1325 615 1368 muS.

547 1415 627 1481 In
694 1417 912 1481 eadem
981 1414 1155 1480 Orat.
1231 1419 1334 1480 28.
1409 1418 1491 1480 68
1539 1418 1694 1481 haee
1739 1417 2074 1502 leguntur:
2168 1420 2426 1481 Necesse

459 1543 577 1612 est,
647 1539 937 1616 quamvis
984 1538 1104 1610 sis,
1167 1542 1243 1597 ut
1290 1555 1353 1596 es
1373 1580 1388 1610 ‚
1452 1536 1765 1597 violentus
1812 1543 1872 1596 et
1918 1538 2177 1614 furens,
2225 1555 2427 1614 quum

460 1651 572 1711 tibi
639 1651 872 1711 obieeta
940 1649 1025 1710 sit
1091 1652 1320 1727 species
1382 1651 1731 1729 sinqularis
1776 1653 1937 1726 viri,
2002 1653 2427 1729 perterritum

460 1767 537 1826 de
580 1785 798 1827 somno
844 1766 1143 1838 eoeeitari‚
1190 1768 1412 1840 furere
1458 1768 1657 1825 etiam
1705 1784 1890 1844 saepe
1918 1765 2312 1844 viqilantem.
2337 1795 2426 1810 ·-—

459 1878 775 1963 Displicet
843 1878 1140 1961 repetitio
1209 1877 1388 1941 verbi
1455 1878 1681 1942 furere.
1796 1882 2043 1941 Furens
2113 1878 2427 1941 intactum

459 1994 949 2079 relinquendum
1019 2015 1239 2059 censeo
1258 2042 1273 2072 ‚
1344 1994 1451 2057 sed
1520 1999 1743 2074 furere
1787 1993 1945 2077 quin
1990 1994 2428 2058 emendatione

461 2115 646 2197 egeat
695 2112 801 2174 vix
849 2109 1086 2174 dubito.
1155 2109 1392 2186 Quidni
1440 2112 1751 2172 oratorem
1796 2115 2055 2172 horrere
2101 2110 2427 2193 scripsisse

464 2226 858 2309 suspicemur
881 2273 895 2302 ‚
942 2224 1110 2307 quod
1153 2223 1486 2288 verborum
1532 2226 1904 2287 contextum
1949 2225 2268 2307 requirere
2315 2245 2429 2306 ape

462 2344 685 2426 paret?
734 2378 820 2389 ——
865 2341 946 2405 In
1015 2340 1295 2405 eiusdem
1366 2341 1594 2424 eapitis
1662 2342 1696 2424 ξ
1766 2342 1849 2404 69
1909 2340 2180 2424 legitur:
2250 2345 2433 2422 fruqi

464 2464 675 2539 faetus
744 2469 872 2522 est:
944 2462 1125 2521 illam
1189 2480 1377 2522 suam
1424 2480 1574 2522 suas
1620 2481 1719 2521 res
1767 2462 1883 2520 sibi
1928 2461 2158 2522 habere
2202 2463 2391 2521 iussit
2405 2482 2430 2537 ,·

465 2596 655 2656 quam
716 2573 864 2639 Ood.
975 2574 1139 2639 Ven.
1218 2575 1558 2638 lectionem
1635 2576 1726 2638 ita
1798 2575 2083 2659 plerique
2159 2575 2431 2639 editores

469 2688 800 2752 emendare
869 2689 1079 2751 eonati
1127 2691 1280 2751 sunt
1296 2734 1311 2764 ‚
1374 2690 1448 2749 ut
1491 2691 1637 2771 post
1679 2693 1861 2751 illam
1908 2690 2263 2753 insererent
2308 2695 2431 2753 mi·-

469 2824 665 2864 mam.
760 2799 985 2864 Malim
1047 2821 1160 2882 pro
1223 2803 1405 2862 illam
1465 2800 1851 2864 substituere
1897 2807 2242 2866 mimulam
2288 2803 2427 2867 ooll.

472 2917 573 2979 25.
644 2916 761 2978 61:
868 2917 1102 2977 Venisti
1147 2916 1579 2977 Brundisium
1599 2962 1614 2992 ‚
1687 2920 1760 2979 in
1803 2920 2025 2980 sinum
2069 2921 2326 2998 quidem
2374 2926 2434 2979 et

469 3038 540 3096 in
586 3035 986 3115 complexum
1033 3041 1183 3095 tuae
1227 3034 1558 3094 mimulae.

556 3150 636 3213 In
705 3148 945 3214 Anton.
1019 3147 1098 3213 V.
1173 3152 1239 3223 2,
1314 3151 1388 3213 6:
1502 3153 1598 3213 Tu
1662 3154 1863 3213 civem
1931 3154 2309 3214 sceleratum
2375 3162 2435 3214 et

462 3271 793 3351 perditum
858 3269 1191 3330 Gallorum
1254 3276 1314 3336 et
1365 3269 1838 3330 Germanorum
1879 3273 2159 3349 pecunia
2174 3317 2191 3346 ,
2253 3272 2435 3349 pedi-

469 3391 648 3458 tatu,
696 3386 1018 3463 equitatu,
1068 3387 1261 3463 copiis
1309 3387 1591 3445 instrues
1609 3387 1642 3444 9
1693 3417 1774 3431 -—
1821 3381 1968 3446 Erit
2012 3383 2277 3447 fortasse
2324 3386 2435 3468 qui

469 3486 662 3579 copiis
726 3495 1065 3560 delendum
1127 3500 1414 3575 censeat,
1478 3499 1856 3581 praesertim
1902 3521 2098 3583 quum
2143 3521 2433 3583 respexe-

468 3612 557 3674 rit
623 3612 739 3694 Ep.
809 3610 889 3674 ad
956 3611 1130 3674 Fam.
1194 3611 1336 3676 XV.
1389 3616 1464 3690 4,
1513 3615 1590 3677 6:
1637 3617 1992 3677 adolescens
2039 3623 2098 3676 et
2145 3620 2436 3695 equitatu

473 3735 532 3789 et
588 3732 887 3807 peditatu
948 3736 1007 3789 et
1054 3735 1333 3809 pecunia
1373 3738 1669 3810 paratus.
1765 3727 1886 3793 Sed
1932 3735 2125 3811 copiis
2170 3730 2438 3796 retineri

472 3861 652 3924 posse
670 3890 685 3920 ‚
732 3843 1064 3908 dummodo
1105 3850 1469 3926 peditatus,
1517 3852 1841 3928 equitatus
1885 3868 2032 3931 gen.
2083 3868 2250 3912 casu.
2302 3869 2436 3913 eor-

474 3957 711 4018 rexeris
734 4005 749 4035 ‚
811 3960 1243 4043 fragmentum
1306 3961 1486 4026 docet
1546 3960 1650 4025 Or.
1699 3984 1813 4046 pro
1856 3962 2125 4028 Fonteio
2168 3963 2266 4028 IV
2284 4014 2302 4044 ,
2361 3967 2399 4029 8
2420 3987 2444 4042 :-

476 4074 814 4137 Frumenti
885 4082 1214 4140 mamimus
1285 4101 1616 4142 murnerus
1684 4103 1716 4143 e
1791 4082 2002 4143 Gallia
2022 4128 2037 4158 ‚
2107 4085 2436 4163 peditatus

477 4190 912 4268 amplissimae
956 4198 1170 4272 copiae
1215 4217 1248 4257 e
1297 4197 1536 4272 Gallia,
1585 4201 1819 4276 equites
1864 4219 2134 4261 numero
2162 4201 2440 4279 plurimi

479 4324 512 4363 e
561 4305 790 4368 Gallia.

2093 4429 2173 4493 10
