3142 5167
1719 551 1760 614 8

779 760 872 818 tes
936 761 1000 817 et
1064 761 1293 836 aperta
1329 754 1713 836 praecordia
1756 763 1819 818 et
1861 754 1937 818 in
1973 753 2223 837 publico
2264 752 2590 836 medioque
2631 755 2728 818 ui·-

780 877 918 935 tam
986 878 1050 934 et
1115 871 1323 935 omnis
1388 872 1533 935 aevi
1569 879 1976 956 prospectum
2031 870 2594 953 venientiumques
2636 908 2726 922 --

864 983 987 1061 Qui
1052 984 1243 1050 habet.
1284 986 1490 1051 omnis
1559 986 1703 1050 aevi
1746 988 2151 1071 prospectum
2168 1033 2186 1065 ‚
2254 988 2320 1051 et.
2368 985 2692 1050 venientia·
2709 1032 2726 1064 ‚

783 1100 1007 1183 opinor
1031 1145 1049 1177 ‚
1115 1099 1459 1182 praevidet.
1552 1099 1897 1165 Reicienda
1942 1120 2094 1185 ergo
2160 1099 2286 1164 erit
2349 1098 2564 1183 spuria
2607 1119 2730 1164 vox

771 1216 1306 1299 venientiumque.
1389 1212 1528 1282 Nec
1570 1217 1778 1302 magis
1821 1216 2032 1309 placet.
2072 1216 2239 1302 quod
2282 1216 2578 1282 nonnulli
2621 1215 2756 1281 de·-

771 1332 1003 1399 derunt
1046 1343 1481 1417 eventumque.
1543 1331 1694 1399 Nisi
1738 1333 1892 1419 quid
1936 1334 2165 1400 melius
2191 1380 2208 1414 ,
2275 1335 2729 1417 scientiamque

674 1475 681 1480 -
764 1469 1062 1535 propono.

758 1881 763 1886 .
858 1909 881 1932 ¹
902 1833 1145 1928 pmice..
1180 1833 1289 1895 Ι.ΙΒ-
1324 1832 1427 1906 vn,
1461 1834 1510 1895 S.
1547 1832 1631 1894 Ao
1668 1832 2034 1922 GALuouffl,
2068 1834 2148 1897 ot
2179 1834 2323 1899 vm
2358 1833 2575 1897 ΒΕΑΤΑ.

856 2032 922 2099 Ο.
950 2033 1053 2111 17,
1101 2035 1141 2096 2
1190 2036 1403 2110 Quare
1430 2032 1666 2095 cultius
1711 2052 1825 2095 rus
1869 2032 1985 2097 tibi
2028 2040 2137 2109 est,
2183 2052 2377 2113 quam
2398 2031 2725 2095 naturalis

766 2172 924 2215 usus
989 2151 1309 2234 desiderat
1328 2153 1364 2210 9
1445 2170 1564 2212 cur
1636 2169 1770 2211 non
1840 2152 1926 2211 ad
1994 2149 2471 2230 praescriptum
2537 2155 2726 2209 tuum

767 2270 1026 2334 coenas?
1094 2288 1211 2330 cur
1255 2265 1371 2329 tibi
1414 2265 1691 2329 nitidior
1744 2267 2028 2347 supelleoe
2074 2274 2167 2328 est
2182 2269 2216 2327 P
2283 2287 2400 2329 cur
2444 2266 2622 2346 apud
2666 2270 2727 2324 te

769 2385 998 2448 vinum
1051 2390 1264 2445 aetate
1308 2389 1425 2443 tua
1464 2380 1781 2445 vetustius
1826 2380 2060 2443 bibitur
2082 2383 2116 2441 9
2161 2402 2277 2443 cur
2321 2358 2555 2443 arvum
2597 2378 2727 2442 dis-

764 2500 1034 2583 ponitur
1056 2501 1089 2558 P
1133 2516 1248 2562 our
1291 2498 1542 2559 arbores
1591 2496 1760 2558 nihil
1808 2502 2067 2576 praeter
2111 2498 2409 2558 umbram
2452 2497 2728 2557 daturae

769 2616 1262 2679 conservantur?
1285 2647 1371 2660 --
1391 2611 1566 2675 Fieri
1611 2631 1742 2676 non
1773 2631 1955 2695 posse
1978 2612 2309 2689 existimO,
2355 2613 2429 2675 ut
2451 2633 2564 2675 rus
2592 2610 2654 2673 h.
2680 2610 2722 2673 l.

770 2728 1086 2815 probetun
1156 2725 1519 2792 Absurdum
1565 2727 1741 2790 enim
1785 2728 1885 2790 est
1912 2774 1928 2804 ‚
1997 2727 2166 2791 inter
2210 2747 2314 2791 eas
2359 2747 2500 2805 res,
2530 2777 2542 2792 .
2567 2747 2727 2810 quae

770 2844 1021 2910 luxuria
1086 2843 1512 2928 depravantur
1528 2888 1544 2919 ‚
1593 2841 1799 2926 primo
1844 2829 1978 2906 loco
2024 2841 2258 2907 cultius
2303 2862 2411 2905 rus
2457 2861 2728 2906 comme-

767 2961 1019 3041 morari,
1065 2982 1211 3026 cum
1254 2960 1626 3045 praesertim
1647 2943 1943 3043 deinceps
1966 2959 2104 3024 arvi
2125 2959 2417 3043 dispositi
2438 2979 2730 3044 expressa

773 3080 1016 3146 mentio
1082 3078 1250 3143 faeta
1312 3078 1419 3141 sit.
1514 3076 1705 3141 Haud
1770 3076 2037 3141 dubium
2097 3077 2300 3162 igitur
2365 3081 2464 3142 est
2487 3126 2503 3156 ‚
2571 3078 2730 3163 quin

778 3197 1016 3261 iterum
1082 3193 1329 3258 librarii
1373 3191 1699 3258 cuiusdam
1743 3192 1971 3256 calami
2019 3190 2232 3275 lapsus
2278 3192 2348 3255 in
2391 3192 2577 3277 culpa
2622 3193 2725 3256 sit.

772 3310 940 3377 Vide
1030 3330 1261 3393 quaeso
1280 3355 1296 3386 ‚
1386 3328 1471 3371 an
1536 3327 1668 3370 non
1758 3303 1995 3370 Seneca
2060 3305 2425 3389 scripserit:
2519 3310 2731 3383 Quare

771 3427 1003 3491 cultius
1047 3446 1273 3510 corpus
1318 3425 1432 3487 tibi
1460 3431 1588 3499 est,
1633 3444 1827 3504 quam
1846 3424 2172 3486 naturalis
2207 3445 2364 3487 usus
2390 3422 2726 3487 desiderat.

773 3542 1104 3607 Facillime
1135 3541 1359 3625 opinor
1390 3519 1602 3603 GFVS
1647 3538 1719 3602 in
1762 3536 1929 3602 RVS
1974 3538 2308 3623 depravari
2349 3537 2575 3622 potuit.

812 3697 813 3704 κ
860 3654 931 3721 C.
982 3659 1086 3736 22,
1140 3659 1221 3719 1:
1274 3656 1443 3731 Quid
1487 3662 1709 3717 autem
1752 3654 1932 3716 dubii
1975 3662 2085 3731 est,
2131 3655 2287 3735 quin
2330 3657 2482 3718 haec
2520 3654 2729 3718 maior

777 3774 1070 3840 materia·
1114 3773 1397 3854 sapienti
1451 3771 1591 3833 viro
1636 3770 1720 3833 sit
1764 3770 2062 3834 animum
2130 3770 2495 3853 explicandi
2535 3751 2731 3833 suum

774 3896 850 3960 in
894 3890 1142 3955 divitiis
1207 3910 1400 3972 quam
1442 3887 1518 3951 in
1556 3893 1937 3969 paupertate
1959 3890 1993 3947 9
2054 3907 2202 3949 cum
2245 3887 2317 3948 in
2361 3889 2480 3950 hac
2522 3907 2733 3949 unum

773 4029 970 4093 qenus
1010 4006 1273 4071 virtutis
1318 4005 1400 4067 sit
1440 4025 1576 4067 non
1620 4002 1920 4066 inclinari
1961 4023 2078 4066 nec
2122 4002 2444 4084 deprimi,
2514 4002 2586 4065 in
2630 4000 2731 4064 di-

773 4125 949 4190 vitiis
1015 4132 1077 4187 et
1142 4119 1566 4203 temperantia
1618 4127 1680 4181 et
1745 4119 2090 4183 liberalitas
2157 4126 2219 4181 et
2281 4116 2618 4198 diliqentia
2671 4123 2732 4180 et

772 4236 1097 4321 dispositio
1160 4243 1224 4299 et
1300 4233 1779 4317 maqnificentia
1844 4253 2145 4315 campum
2214 4234 2436 4295 habeat
2501 4239 2732 4313 paten-

777 4363 923 4423 tem.
1016 4349 1389 4438 Quicunque
1434 4347 1622 4437 paulo
1681 4346 1940 4434 propius
2007 4344 2087 4412 ad
2139 4345 2461 4431 scriptoris
2506 4345 2731 4416 volun-
