3142 5167
1653 527 1734 590 30

709 733 978 799 videtur.
1071 731 1169 797 De
1237 734 1623 798 correctione
1690 735 1905 795 tamen
1941 733 2366 818 'aliquantum
2428 733 2665 798 dubito.

709 852 1002 917 Fortasse
1072 852 1141 915 in
1209 857 1616 937 quamanimi
1661 847 1824 915 latet
1864 836 2399 938 quaminanian-i,
2462 852 2554 915 ita
2597 852 2673 913 ut

708 968 862 1034 olim
907 968 1216 1052 scriptum
1261 969 1457 1033 fuerit
1501 992 1696 1055 quam
1740 975 1959 1034 inanis
2003 975 2164 1051 mali
2209 968 2566 1035 consolatio.

801 1084 868 1149 O.
947 1086 1066 1149 45:
1143 1089 1459 1150 Relictum
1538 1097 1629 1151 est
1707 1091 1802 1151 illi
1875 1093 2237 1151 sestertium
2312 1090 2632 1150 tricenties
2654 1131 2668 1160 ‚

707 1206 968 1266 decessit
1012 1183 1184 1266 illius
1223 1212 1414 1285 pater
1458 1209 1643 1290 male.
1694 1214 1769 1269 ut
1798 1211 2268 1291 quadrinyenta
2300 1208 2670 1287 impendat,

708 1342 839 1384 non
907 1326 1135 1385 sentiet
1196 1327 1675 1403 patrimonium
1744 1326 1937 1386 illius.
1991 1361 2068 1371 --
2121 1322 2240 1387 Oui
2310 1322 2672 1387 sestertium

707 1436 1038 1500 tricenties
1104 1434 1400 1501 relictum
1467 1440 1564 1501 est
1580 1487 1597 1516 ‚
1668 1438 1804 1502 eius
1868 1442 2050 1523 pater
2111 1460 2240 1503 non
2283 1437 2671 1503 mehercules

709 1556 878 1616 male
937 1553 1275 1618 decessisse
1325 1554 1453 1619 dici
1498 1557 1743 1638 potest,
1818 1556 1906 1633 si,
1976 1559 2049 1619 ut
2091 1557 2210 1621 hoc
2254 1557 2422 1636 1000,
2485 1556 2671 1620 unice

707 1668 802 1730 rei
845 1665 1177 1732 familiaris
1223 1670 1387 1734 ratio
1433 1669 1719 1733 habetur.
1795 1669 2180 1735 Buechelero
2225 1675 2393 1734 male
2437 1671 2672 1735 levitur

709 1785 972 1849 excitati
1017 1785 1247 1850 doloris
1293 1808 1415 1851 vox
1463 1786 1733 1850 videtur.
1795 1784 1960 1850 Mihi
2005 1792 2264 1851 decessit
2310 1789 2672 1870 suspectum

708 1902 835 1964 est.·
916 1899 1107 1964 Haud
1170 1901 1386 1985 inepte
1449 1903 1723 1968 conicias
1769 1907 2015 1967 decoxit
2061 1907 2234 1966 illius
2275 1912 2464 1985 pater
2506 1906 2674 1965 male

709 2014 750 2077 i.
802 2037 855 2078 e.
928 2016 1021 2079 ita
1080 2018 1155 2079 ut
1201 2017 1334 2100 ipse
1381 2017 1553 2083 dives
1600 2019 1782 2082 fieret
1829 2020 2209 2083 creditorum
2255 2019 2667 2083 incommodo,

710 2131 802 2195 Of.
856 2153 906 2195 c.
960 2133 1077 2196 38:
1172 2135 1551 2196 Sestertium
1615 2158 1805 2198 suum
1863 2140 2023 2197 vidit
2069 2139 2302 2214 decies,
2353 2140 2459 2199 sed
2503 2139 2672 2198 male

708 2252 1046 2311 vacillavit.

797 2364 863 2429 C.
947 2366 1070 2428 52:
1190 2368 1479 2429 Ceterum
1556 2370 1862 2430 laudatus
1946 2372 2325 2431 Trimalchio
2398 2372 2673 2432 hilarius

706 2484 856 2543 bibit
925 2489 984 2542 et
1052 2484 1187 2541 iam
1253 2483 1417 2543 ebrio
1475 2487 1817 2562 proximus
1867 2483 2092 2559 ,nemo'
2141 2489 2351 2569 inquit
2396 2493 2533 2547 cett.
2586 2519 2672 2531 —-

706 2593 1070 2659 Sententiae
1139 2595 1601 2659 accomodatius
1670 2600 1802 2674 est,
1873 2599 1929 2661 si
1998 2587 2243 2681 larqius
2292 2601 2670 2676 correxeris;

598 2786 603 2791 ,
702 2717 977 2777 hilarius
1008 2719 1101 2776 'ex
1146 2717 1496 2796 hiolarqius
1542 2718 1750 2779 ortum
1798 2715 2068 2781 videtur.
2335 2705 2338 2708 ‚

794 2830 860 2895 C.
914 2832 1032 2896 57:
1128 2836 1270 2896 Non
1316 2836 1702 2896 mehercules
1749 2838 1906 2897 soleo
1953 2841 2072 2898 cito
2118 2839 2396 2915 fervere,
2446 2842 2553 2900 sed
2597 2823 2693 2900 inv

705 2953 879 3013 molli
923 2973 1117 3015 carne
1162 2974 1404 3014 vermes
1449 2961 1828 3015 nascuntur.
1881 2989 1966 3000 ——
2006 2950 2292 3018 Omnino.
2328 2955 2669 3019 emendan-

704 3068 854 3132 dum
900 3073 972 3130 in
1018 3071 1195 3131 molli
1241 3090 1434 3131 caseo.
1530 3067 1616 3131 Cf
1653 3090 1704 3133 c.
1758 3039 1856 3132 66'
1887 3070 1928 3131 f.

792 3184 859 3247 O.
927 3185 1029 3248 60.
1130 3187 1358 3248 Omnes
1430 3190 1604 3247 enim
1668 3189 2001 3266 placentae
2068 3193 2412 3272 omniaque
2474 3210 2669 3270 poma

703 3304 900 3361 etiam
947 3305 1227 3379 minima
1272 3305 1610 3363 vexatione
1645 3311 1935 3364 contacta
1968 3314 2307 3384 coeperunt
2339 3309 2669 3387 effundere

702 3436 987 3490 crocum,
1036 3424 1095 3477 et
1141 3438 1336 3500 usque
1389 3419 1474 3478 ad
1521 3438 1586 3478 os
1632 3420 1928 3480 molestus
1974 3423 2206 3482 humor
2250 3426 2548 3485 accidere.
2583 3457 2670 3468 --

703 3526 770 3592 Si
814 3527 1120 3593 librorum
1165 3530 1531 3594 auctoritati
1577 3531 1738 3594 fides
1779 3532 2064 3596 habenda
2109 3538 2204 3598 est
2223 3582 2238 3612 ‚
2286 3558 2499 3599 crocus
2545 3536 2668 3599 sci-

700 3643 854 3707 licet
920 3647 1217 3706 molestus
1285 3644 1509 3708 humor
1578 3645 1638 3708 h.
1689 3645 1730 3709 l.
1795 3646 2046 3711 dicitur.
2143 3648 2305 3714 Vide
2326 3699 2340 3728 ‚
2409 3673 2492 3713 an
2538 3673 2666 3715 non

703 3764 976 3825 coelestis
1043 3782 1192 3826 vera
1240 3761 1452 3833 lectio
1522 3763 1608 3825 sit
1676 3761 1816 3827 coll.
1868 3785 2028 3848 quae
2075 3770 2464 3850 sequuntur:
2534 3774 2667 3832 rati

703 3901 844 3961 erqo
914 3901 1171 3943 sacrum
1233 3902 1361 3943 esse
1399 3883 1775 3961 peniculum
1822 3891 1960 3944 tam
2006 3871 2293 3965 reliqioso
2339 3894 2667 3966 apparatu

668 4017 671 4020 ’
697 4003 1044 4080 perfusum
1091 4000 1238 4062 cett.
1999 4003 2020 4036 Χ

793 4113 860 4177 G.
913 4116 1014 4177 62.
1111 4117 1299 4177 Forte
1345 4116 1645 4177 dominus
1697 4117 1986 4197 Capuam
2033 4121 2280 4179 exierat
2324 4122 2410 4181 ad
2447 4130 2665 4184 scruta

704 4237 862 4296 scita
928 4234 1342 4314 expedienda.
1403 4267 1488 4278 —-
1537 4227 1828 4295 Annotat
1886 4230 2340 4297 Buechelerus:
2411 4239 2666 4314 ‚Sci-uta

703 4355 862 4413 scita
929 4350 1079 4412 sunt
1144 4369 1243 4411 res
1320 4347 1691 4431 quaelubet,
1761 4347 2023 4413 inutiles
2091 4350 2321 4414 utiles'.
2440 4351 2660 4418 Potius
