3142 5167
1412 588 1565 644 ,XV

466 803 474 813 ·
549 773 766 837 afferre
799 735 965 856 puto.
1052 721 1139 832 At
1178 731 1568 831 rehementer
1609 767 1920 831 interdum
1960 785 2168 830 vereor
2181 811 2198 844 ,
2241 786 2318 830 ne
2360 767 2503 832 exili

479 919 483 924 ’
547 879 845 992 brevitate
906 926 1215 1000 inductus,
1279 925 1623 1021 adversaria
1682 943 1820 986 mea
1879 924 1956 986 ab
1975 924 2199 1033 'inepto
2241 926 2503 1006 quodam

544 1090 628 1145 et.
648 1024 652 1029 Ι
670 1078 978 1160 fastidioso
1047 1075 1406 1156 castigatore
1471 1075 1751 1156 profecta
1811 1074 2043 1150 credas,
2115 1074 2220 1156 qui
2277 1074 2503 1139 alienas

460 1178 466 1184 Ι
544 1232 853 1315 opiniones
915 1229 1091 1293 nauci
1132 1248 1253 1290 non
1295 1228 1532 1290 habeat.
1617 1226 1814 1290 Velim
1854 1235 2062 1291 autem
2102 1228 2218 1291 tibi
2259 1248 2504 1312 persua-

547 1387 687 1449 deas
704 1430 720 1463 ,
780 1385 933 1448 nihil
990 1385 1184 1466 magis
1223 1401 1324 1444 me
1365 1399 1614 1465 cupere,
1681 1400 1868 1463 quam
1907 1388 1981 1444 ut
2020 1401 2058 1444 a
2098 1381 2295 1465 turpis
2334 1401 2504 1447 arro-

546 1540 782 1621 gantiae
812 1543 887 1601 ‘et
925 1537 1278 1600 insolentiae
1315 1536 1657 1619 suspicione
1696 1536 2088 1611 abhorream,
2133 1536 2498 1619 illorumque

552 1710 649 1753 me
709 1690 1043 1752 sententiae
1102 1687 1410 1763 assentiri,
1452 1687 1557 1768 qui
1597 1688 1662 1748 in
1714 1686 1933 1749 studiis
1974 1687 2260 1749 timorem
2302 1687 2494 1770 magis

556 1846 830 1910 homines
856 1864 1040 1926 quam
1078 1845 1362 1907 fiduciam
1402 1844 1612 1905 decere
1652 1843 2021 1906 existiment.

635 1998 883 2072 Quoties
943 1997 1327 2060 commodum
1388 1996 1585 2058 visum
1632 2004 1749 2073 est,
1814 1999 2207 2076 coniecturas,
2280 2001 2502 2082 quibus

548 2151 651 2213 alii
698 2152 892 2213 locum
934 2156 1213 2213 notatum
1258 2149 1584 2212 emendare
1625 2152 1824 2212 conati
1861 2159 2028 2227 sunt,
2092 2151 2262 2216 iuxta
2302 2173 2502 2217 meam

547 2306 1027 2390 commemoravi.
1073 2304 1251 2378 Quod
1289 2306 1341 2369 si
1382 2308 1625 2412 quando
1665 2308 1927 2389 neglexi,
1970 2329 2047 2371 ne
2086 2310 2227 2373 inde
2255 2312 2501 2392 quidem

542 2466 782 2541 efficiaS,
826 2482 1070 2545 quaeso,
1105 2483 1203 2525 me
1232 2463 1491 2526 aliorum
1519 2463 1830 2546 opiniones
1857 2484 2002 2548 prae
2031 2487 2171 2531 mea
2190 2468 2497 2551 despicere

541 2626 604 2681 et
663 2625 1064 2682 contemnere.
1147 2616 1342 2679 Immo
1403 2637 1546 2680 vero
1560 2662 1576 2693 ,
1647 2620 1699 2681 si
1759 2638 1915 2701 quae
1973 2638 2084 2700 ego
2124 2622 2460 2702 proferrem
2484 2668 2501 2701 ,

545 2771 805 2852 aliquam
863 2770 1357 2851 probabilitatem
1397 2771 1722 2848 haberent,
1785 2771 1900 2836 hoc
1938 2771 2332 2836 nihilominus
2373 2775 2498 2838 elu-

548 2946 682 2990 cere
740 2928 947 3009 putavi
970 2972 985 3003 ,
1046 2926 1281 2989 etiamsi
1330 2928 1587 2991 aliorum
1627 2929 1851 2993 iudicia
1891 2930 2254 3010 redarguere
2292 2948 2501 3013 snper-

545 3083 832 3143 sederem.
917 3080 1167 3163 Saepius
1236 3088 1438 3143 autem
1497 3082 1808 3145 silentium
1868 3101 2072 3144 meum
2133 3084 2497 3163 ignorationi

542 3233 770 3297 tribuas
832 3234 1013 3296 velim
1074 3252 1282 3298 eorum
1323 3235 1722 3316 scriptorum,
1788 3235 2005 3317 quibus
2046 3236 2494 3318 philologornm

542 3391 747 3452 studia
787 3390 964 3453 statis
1005 3390 1383 3472 temporibus
1422 3391 1487 3450 in
1525 3390 1721 3452 lucem
1762 3391 2020 3472 proferri
2059 3392 2273 3454 solent.
2326 3389 2495 3463 Quae

546 3548 715 3627 qnia,
779 3530 898 3609 nisi
952 3546 1282 3609 admodum
1341 3565 1510 3623 raro,
1572 3548 1867 3629 inspicere
1925 3566 2047 3609 non
2091 3549 2266 3612 licuit
2282 3596 2298 3623 ,
2368 3550 2499 3612 fieri

543 3705 780 3781 potest,
843 3705 914 3758 ut
937 3743 952 3774 ,
1016 3716 1170 3778 quae
1232 3716 1342 3779 ego
1404 3698 1673 3779 primum
1734 3698 1952 3761 vidisse
2004 3698 2156 3760 mihi
2225 3699 2492 3777 viderer,

543 3852 664 3913 iam
732 3851 881 3913 alios
942 3857 1084 3912 ante
1144 3870 1243 3912 me
1283 3870 1403 3913 non
1444 3851 1731 3933 fugerint.
1815 3818 1990 3924 Quod
2029 3855 2212 3917 verbo
2254 3874 2501 3919 monere

546 4022 666 4066 non
704 4022 953 4085 prorsus
986 4023 1498 4085 supervacaneum
1526 4024 1659 4067 esse
1686 4006 1860 4068 facile
1888 4006 2040 4068 mihi
2069 4006 2263 4082 dabis,
2310 4027 2497 4088 quum

542 4157 813 4221 homines
856 4178 987 4221 esse
1027 4159 1403 4239 reputaveris
1444 4159 1644 4240 pusilli
1687 4159 1875 4221 animi
1917 4167 1980 4222 et
2020 4162 2344 4235 contracti,
2390 4164 2497 4244 qui

543 4330 651 4372 sua
707 4313 927 4376 scrinia
968 4313 1291 4395 compilata
1331 4331 1460 4376 esse
1501 4314 1823 4376 clamitent
1838 4359 1853 4390 ,
1899 4316 1951 4381 si
1995 4314 2092 4378 cui
2135 4317 2293 4381 forte
2332 4316 2493 4383 idem

545 4465 704 4543 quod
742 4466 886 4550 ipsis
927 4468 992 4529 in
1033 4474 1303 4531 mentem
1342 4466 1643 4534 ineidefit.
