3142 5167
1668 501 1752 562 48

722 700 883 763 astu.
976 696 1224 764 Deinde
1278 700 1435 766 haec
1478 704 1863 786 oequuntur:
1964 703 2365 783 Usurpabant
2408 705 2678 784 qim-iam

722 818 918 877 istam
983 816 1081 877 illi
1148 837 1384 897 quoque
1441 822 1764 898 principes
1807 822 1916 898 qui
1959 820 2127 882 obire
2169 839 2300 880 non
2344 827 2638 898 poterant
2657 841 2676 879 .·

724 933 1129 1011 usurpabant
1194 940 1415 994 autem
1487 938 1583 995 ita
1652 942 1728 995 ut
1773 935 2051 996 domitas
2098 936 2465 1014 fractasque
2509 936 2684 996 clau-

717 1051 869 1108 stris
934 1049 1110 1125 feras
1176 1067 1251 1109 ac
1295 1050 1528 1110 deinde
1574 1052 1646 1110 in
1691 1052 1980 1127 ipsorum
2025 1051 2277 1127 quidem
2322 1050 2676 1110 ludibrium

718 1167 980 1225 emissas
1042 1167 1318 1226 mentita
1386 1169 1733 1246 saqacitate
1799 1167 2176 1245 colliqerent.
2229 1200 2315 1212 —
2361 1160 2677 1247 Displicet

718 1279 1017 1343 ultimum
1062 1279 1342 1344 verbum.
1437 1278 1807 1365 Significat,
1869 1279 2054 1344 credo
2070 1327 2086 1358 ,
2132 1280 2454 1363 principes
2499 1280 2640 1344 illos
2657 1327 2672 1357 ‚

716 1395 988 1460 mollitie
1047 1396 1280 1460 fractos
1301 1443 1316 1474 ‚
1385 1395 1655 1460 domitas
1714 1397 1879 1460 feras
1926 1396 1996 1460 in
2039 1418 2246 1461 unum
2284 1396 2492 1461 locum
2536 1418 2676 1460 coe-

714 1511 903 1595 gisse.
996 1508 1066 1575 Si
1130 1531 1278 1575 vero
1338 1511 1502 1573 feras
1549 1512 1620 1574 in
1664 1533 1865 1575 unum
1911 1512 2121 1576 locum
2168 1494 2517 1596 coegerunt
2558 1512 2675 1576 hoc

715 1648 789 1691 eo
855 1630 1025 1692 certe
1082 1627 1371 1692 fecerunt
1437 1628 1701 1694 consilio
1719 1676 1735 1707 ,
1802 1631 1877 1693 ut
1937 1628 2235 1713 deinceps
2282 1650 2386 1691 eas
2432 1628 2674 1691 interfi-

716 1745 951 1806 cereniz.
1000 1739 1304 1807 Desidere
1332 1744 1546 1827 itaque
1570 1742 1834 1807 verbum
1852 1792 1866 1820 ‚
1912 1765 2035 1828 quo
2056 1744 2173 1808 hoc
2196 1744 2405 1827 ipsum
2427 1740 2673 1826 signifi-

716 1863 911 1925 catur.
938 1859 1191 1945 Inspice
1215 1864 1428 1925 autem
1451 1858 1825 1925 Suelzonium
1850 1862 1920 1925 in
1941 1861 2076 1926 vita
2097 1859 2454 1926 Domitiani
2477 1880 2526 1922 c.
2555 1858 2671 1920 19:

718 1980 1027 2041 Centenas
1077 1982 1247 2040 varii
1290 1983 1537 2059 qeneris
1584 1981 1761 2058 feras
1807 1999 1991 2058 saepe
2036 1982 2108 2040 in
2151 1979 2391 2039 Albano
2436 1994 2673 2038 secessu

714 2097 1148 2176 ccmfieientem
1194 2090 1689 2178 [Domitianum]
1736 2101 2090 2172 spectavere
2132 2095 2431 2176 plerique.
2507 2086 2673 2152 Satis

714 2209 966 2274 constat
983 2255 998 2284 ‚
1066 2208 1141 2270 ut
1208 2207 1340 2270 fere
1407 2208 1543 2270 tota
1590 2207 1871 2271 oratione
1919 2209 2011 2272 sic
2056 2208 2172 2272 hoe
2216 2228 2462 2292 quoque
2505 2205 2641 2268 loco
2658 2251 2674 2280 ‚

713 2320 999 2386 Plinium
1014 2369 1029 2398 ,
1077 2321 1323 2405 quoties
1370 2321 1447 2385 de
1492 2322 1776 2405 priorum
1820 2323 2182 2406 principum
2227 2322 2440 2406 pravis
2485 2319 2676 2383 mori-

574 2471 579 2475 ·
712 2437 830 2501 bus
874 2440 1056 2523 agai,
1102 2436 1180 2500 ad
1226 2434 1666 2502 Domilzianum
1711 2438 2006 2503 alludere.
2072 2439 2271 2515 Quam
2316 2439 2396 2504 ob
2425 2457 2676 2502 causam

714 2554 780 2617 et
824 2553 885 2616 h.
935 2552 978 2616 1.
1073 2549 1374 2616 Suetonio
1442 2551 1599 2618 duce
1668 2559 2040 2638 conficerent
2105 2554 2444 2641 legendum
2497 2555 2670 2650 puto.

714 2668 806 2733 Of.
874 2666 1045 2733 Suet.
1110 2665 1326 2731 Claud.
1379 2669 1497 2746 21,
1569 2668 1680 2732 ubi
1727 2670 2104 2736 conficiendi
2147 2669 2409 2736 verbum
2456 2666 2673 2733 eodem

712 2809 901 2854 sensu
944 2789 1317 2872 usurpatum
1359 2785 1622 2853 videbis.
