3142 5167
1621 495 1664 538 X

681 691 1052 755 quamquam
1093 692 1280 756 prava
1317 674 1619 739 editorum
1659 676 1992 758 pertinacia
2030 677 2093 738 in
2132 676 2318 740 libros
2358 678 2627 740 nondum

666 837 947 912 receptae
1012 839 1204 892 erant.
1287 828 1404 893 Ubi
1462 831 1859 894 laetissimam
1899 849 2154 893 messem
2196 850 2296 893 me
2335 819 2637 893 facturum

672 998 1060 1063 speraveram
1083 1030 1099 1060 ,
1168 984 1255 1045 ibi
1322 984 1558 1066 singula
1619 987 1785 1048 velut
1848 984 2015 1066 spica
2072 984 2283 1048 relicta
2341 983 2634 1046 videbam.

672 1131 809 1194 Non
877 1141 1083 1197 tamen
1146 1136 1296 1199 haec
1354 1136 1676 1200 frustratio
1738 1157 1775 1199 a
1839 1083 2087 1200 consilio
2128 1136 2316 1198 semel
2356 1142 2633 1216 suscepto

673 1286 990 1351 deterrere
1052 1309 1154 1353 me
1215 1291 1445 1372 potuit,
1509 1292 1798 1354 nonnulla
1845 1293 1923 1353 ad
1963 1291 2252 1355 Senecam
2293 1288 2637 1353 adversaria
2659 1327 2676 1337 ι

671 1441 1011 1504 emittendi.
1096 1442 1254 1524 Nam
1329 1462 1519 1523 quum
1585 1461 1786 1505 meam
1848 1442 2190 1524 opinionem
2257 1451 2385 1505 tam
2424 1443 2635 1505 multis

638 1595 816 1675 *locis
878 1603 976 1658 tot
1048 1596 1319 1660 virorum
1379 1616 1479 1659 me
1543 1598 1878 1660 doctiorum
1896 1643 1911 1673 ,
1983 1599 2086 1679 qui
2125 1597 2288 1660 idem
2326 1598 2627 1680 viderant,

667 1748 1032 1810 auctoritate
1095 1750 1511 1813 confirmatam
1572 1750 1882 1826 vidissem,
1945 1750 2093 1812 levis
2135 1750 2316 1812 etiam
2359 1769 2494 1831 spes
2515 1713 2633 1809 -me

672 1900 923 1962 tenebat
940 1946 955 1977 ,
1008 1902 1160 1965 .fore
1220 1910 1294 1964 ut
1352 1903 1513 1964 inter
1553 1903 1805 1966 miseras
1846 1901 2066 1985 prioris
2105 1903 2310 1984 copiae
2349 1900 2633 1983 reliquias

670 2051 900 2134 aliquid
963 2053 1181 2115 saltem
1245 2063 1611 2136 superesset,
1674 2074 1794 2116 non
1843 2054 1920 2116 ab
1960 2054 2126 2115 omni
2165 2055 2421 2115 fortasse
2458 2060 2631 2134 parte

673 2204 1160 2284 improbandum.
1246 2205 1414 2276 Quae
1460 2206 1699 2268 utinam
1738 2226 1862 2269 non
1900 2209 2078 2288 plane
2118 2207 2196 2268 ad
2235 2225 2456 2269 vanum
2497 2204 2631 2266 irri-

662 2366 919 2441 tumque
958 2360 1306 2441 redigatur!
1376 2366 1383 2370 “

749 2511 1038 2582 Quaestio
1107 2521 1310 2575 autem
1382 2514 1734 2592 oriebatur,
1806 2536 1925 2598 quo
1992 2516 2373 2597 potissimum
2442 2515 2623 2576 modo

661 2665 1041 2747 propositum
1102 2684 1469 2748 peragerem.
1553 2669 1648 2731 Ita
1705 2669 1843 2751 prol
1917 2670 2242 2752 philologia
2302 2671 2365 2731 in
2427 2671 2623 2751 patria

665 2832 875 2886 nostra
916 2826 1231 2907 languere,
1274 2804 1402 2888 fere
1442 2826 1732 2902 dixerim,
1777 2834 1840 2888 et
1880 2834 2124 2908 torpere
2149 2825 2388 2887 videtur
2403 2869 2419 2900 ,
2460 2833 2532 2886 ut
2551 2844 2626 2887 ne

669 2980 1086 3061 ephemerides
1128 2980 1402 3063 quidem,
1445 2982 1509 3043 in
1551 2981 1771 3062 quibus
1800 2981 1874 3042 de
1902 2981 2292 3061 antiquarum
2313 2980 2624 3041 literarum

670 3091 1010 3213 cognitione
1072 3142 1257 3215 atque
1296 3136 1530 3197 ratione
1571 3142 1817 3214 agatur,
1882 3135 2003 3196 vim
2048 3137 2359 3216 acquirere
2397 3135 2628 3215 possint

668 3288 934 3351 vitalem.
995 3288 1171 3359 Quod
1210 3289 1275 3350 ni
1312 3289 1402 3349 ita
1442 3296 1623 3363 esset,
1671 3288 1937 3350 virorum
1982 3290 2320 3365 doctorum,
2364 3290 2468 3369 qui
2494 3290 2627 3351 illas

665 3440 926 3503 edendas
989 3448 1310 3517 curarent,
1384 3440 1608 3502 iudicio
1673 3440 1935 3521 aliquem
1976 3423 2318 3504 studiorum
2357 3442 2661 3504 fructum.

667 3594 1053 3657 committere
1106 3615 1337 3678 posses,
1396 3616 1622 3678 eosque
1662 3615 1876 3676 rogare
1893 3643 1907 3672 ,
1950 3604 2043 3673 ut,
2087 3596 2138 3658 si
2181 3597 2398 3678 dignus
2438 3602 2625 3671 esset,

670 3750 776 3830 qui
818 3751 1217 3832 reciperetur,
1280 3753 1478 3814 locum
1527 3750 1619 3813 illi
1661 3751 1986 3813 concedere
2026 3751 2261 3813 vellent.
2343 3752 2429 3812 Ut
2467 3770 2628 3814 nunc

667 3926 767 3969 res
809 3925 940 3969 sese
978 3906 1206 3969 habent
1221 3952 1236 3983 ,
1279 3906 1523 3989 proprio
1548 3904 1746 3967 Marte
1765 3905 2062 3984 agendum
2093 3912 2208 3981 est,
2252 3904 2414 3985 quod
2440 3903 2626 3965 tironi

669 4061 884 4150 utique
901 4106 916 4137 ,
960 4062 1201 4142 qualem
1245 4079 1355 4140 ego
1395 4079 1495 4122 me
1534 4061 1759 4136 fateor,
1801 4058 2169 4140 periculosae
2207 4058 2448 4137 plenum
2479 4072 2627 4135 opus

669 4213 835 4275 aleae
898 4214 1065 4276 haud
1107 4214 1415 4277 immerito
1462 4213 1702 4276 dixeris.
1785 4212 2067 4286 Accedit,
2129 4211 2325 4291 quod,
2388 4208 2625 4271 etiamsi

668 4368 830 4428 torte
893 4366 1469 4431 commentationem
1533 4365 1760 4429 habeas
1818 4365 1971 4428 satis
2012 4365 2302 4447 amplam,
2367 4383 2520 4446 quae
2558 4364 2623 4425 in
