3142 5167
1636 534 1718 596 20

696 746 826 805 situ
893 745 1159 804 emissus
1173 789 1187 816 ‚
1254 761 1501 822 purum
1546 743 1717 802 hunc
1763 741 2205 825 liquidumque
2250 737 2534 797 maculat
2580 754 2654 796 ac

576 938 582 943 ·
690 862 953 940 polluit,
1015 877 1128 941 per
1173 860 1624 940 insuetumque
1669 856 2043 918 ducentibus
2090 856 2395 933 spiritum
2441 853 2656 929 adfert

696 997 862 1038 nova
924 994 1157 1056 qenera
1206 975 1587 1035 morborum.
1680 969 2091 1034 Illustrantur
2134 969 2289 1032 haec
2334 968 2415 1031 iis
2437 1015 2452 1045 ‚
2497 988 2659 1051 quae

696 1092 1002 1178 leguntur
1069 1111 1120 1154 c.
1196 1090 1279 1153 28
1298 1137 1313 1167 ‚
1385 1092 1465 1152 2:
1535 1086 1692 1172 [Hic
1760 1085 2052 1171 spiritus]
2120 1088 2229 1148 ubi
2286 1106 2405 1166 per
2451 1085 2660 1146 secula

698 1210 989 1270 conditus
1056 1207 1328 1268 tenebris
1395 1226 1471 1266 ac
1539 1207 1812 1266 tristitia
1856 1205 1975 1265 loci
2034 1204 2230 1263 crevit
2276 1204 2348 1261 in
2391 1203 2624 1262 vitium
2644 1245 2659 1275 ‚

698 1329 841 1405 ipsa
911 1327 1292 1405 inqravescit
1338 1342 1523 1383 mora
1541 1368 1557 1398 ‚
1619 1325 1803 1401 peior
1848 1342 1971 1407 quo
2016 1323 2285 1401 seynior.
2336 1339 2483 1380 cum
2530 1321 2666 1379 exi-

701 1449 841 1500 tum
908 1447 1138 1501 nactus
1206 1445 1297 1500 est
1315 1485 1330 1514 ‚
1411 1445 1752 1499 aeternum
1829 1438 1991 1497 illud
2059 1436 2339 1497 umbrosi
2408 1437 2671 1514 friqoris

704 1558 950 1617 malum
1000 1563 1060 1618 et
1106 1557 1393 1634 inferam
1439 1562 1687 1616 noctem
1733 1555 1923 1614 volvit
1968 1572 2044 1614 ac
2091 1555 2365 1632 reqionis
2412 1558 2672 1612 nostrae

703 1693 858 1734 aera
925 1676 1213 1752 infuscat
1237 1719 1250 1733 .
1282 1718 1295 1732 .
1327 1718 1341 1732 .
1442 1674 1619 1750 Tunc
1686 1674 1884 1731 etiam
1955 1670 2060 1730 ille
2129 1672 2396 1749 spiritus
2439 1672 2671 1748 purior

704 1794 940 1852 transit
987 1794 1058 1851 in
1102 1810 1378 1878 noa-amq
1450 1791 1603 1850 inde
1648 1790 1893 1850 subitae
1939 1790 2397 1865 continuaeque
2444 1792 2667 1845 mortes
2725 1859 2729 1863 ι

706 1915 766 1967 et
829 1913 1186 1968 monstrosa
1254 1876 1498 1985 qenera'
1558 1906 1924 1965 morborum
1993 1909 2066 1962 ut
2135 1923 2214 1963 ex
2281 1904 2461 1961 novis
2530 1906 2673 1961 orta

705 2027 931 2085 causis.

793 2137 953 2217 VH,
1006 2139 1116 2216 17,
1169 2139 1238 2200 1.·
1307 2139 1676 2218 Apollonius
1725 2140 2027 2217 Myndius
2054 2184 2068 2198 .
2098 2183 2111 2197 .
2162 2140 2257 2198 ait
2282 2184 2296 2198 .
2327 2183 2340 2197 .
2391 2143 2670 2198 cometen

703 2279 834 2319 non
903 2278 1112 2318 unum
1180 2278 1258 2317 ex
1327 2258 1549 2317 multis
1618 2258 1908 2316 erraticis
1978 2255 2150 2333 effici
2168 2260 2216 2331 ‚'
2254 2255 2364 2314 sed
2434 2233 2667 2314 multos

702 2381 971 2436 cometas
1047 2377 1348 2435 erraticos
1415 2394 1560 2434 esse.
1676 2374 1818 2433 Non
1892 2378 1983 2433 est
2003 2419 2017 2448 ‚
2105 2374 2348 2451 inquit,
2438 2374 2667 2449 species

700 2495 873 2572 falsa
930 2514 1044 2555 nec
1089 2495 1375 2554 duarum
1425 2493 1759 2553 stellarum
1810 2494 2082 2571 confinio
2129 2497 2297 2572 iynis
2343 2496 2664 2564 extentus,

699 2595 806 2670 sed
869 2613 1213 2689 proprium
1259 2612 1435 2671 sidus
1481 2615 1745 2669 cometes
1792 2615 1882 2668 est
1930 2612 2093 2670 sicut
2139 2611 2283 2671 solis
2330 2631 2404 2671 ac
2449 2609 2659 2669 lunae.

707 2727 875 2787 Talis
921 2728 1016 2787 illi
1061 2731 1276 2806 forma
1323 2733 1413 2787 est
1432 2772 1446 2801 ‚
1494 2746 1626 2786 non
1671 2729 1741 2786 in
1789 2727 2142 2786 rotundum
2182 2729 2509 2800 restricta,
2556 2725 2665 2784 sed

689 2847 1013 2939 procerior
1059 2850 1119 2905 et
1165 2848 1236 2905 in
1281 2846 1541 2923 lonqum
1582 2847 1920 2923 producta.
1974 2878 2055 2887 —
2103 2838 2417 2904 Nonnulli
2463 2838 2663 2902 edibo-

695 2979 794 3021 res
842 2937 1252 3024 correxerunt
1297 2963 1461 3022 nihil
1508 2963 1605 3023 illi
1650 2965 1866 3039 forma
1912 2970 2003 3023 est
2012 2983 2037 3038 ;
2084 2979 2208 3042 quo
2255 2961 2390 3022 iure
2424 2959 2656 3022 nescio.

695 3073 860 3138 Mihi
928 3076 1117 3161 longe
1184 3080 1503 3160 praestare
1571 3077 1861 3140 videtur:
1953 3079 2035 3138 At
2103 3080 2236 3139 alia
2304 3080 2401 3139 illi
2446 3080 2663 3156 forma

696 3199 788 3253 est
832 3192 874 3254 i.
925 3213 977 3254 e.
1029 3195 1218 3275 atque
1265 3192 1413 3255 solis
1460 3194 1527 3255 et
1571 3192 1760 3255 lunae
1808 3192 2017 3255 sideri.

785 3305 853 3370 G.
905 3309 1022 3386 27,
1076 3311 1146 3370 1:
1238 3313 1352 3372 Dic
1397 3318 1472 3371 tu
1517 3314 1720 3372 mihi.
1754 3358 1767 3372 .
1798 3357 1859 3386 .‚
1910 3331 2110 3394 quare
2156 3313 2314 3373 luna
2360 3313 2662 3373 dissimil-

695 3426 925 3486 limum
975 3427 1090 3487 soli
1134 3429 1354 3489 lumen
1403 3431 1716 3507 accipiat,
1787 3449 1933 3490 cum
1980 3432 2253 3509 accipiat
2300 3450 2340 3489 a
2386 3431 2524 3491 sole.
2576 3462 2663 3475 ·-

693 3537 880 3604 Prius
927 3547 1202 3623 accipiat
1233 3543 1535 3607 vitiosum
1559 3545 1685 3620 θείη
1733 3544 2053 3608 sententia
2077 3548 2367 3607 eoehibeat
2388 3544 2657 3628 flagitas.

782 3656 938 3720 Eod.
1014 3679 1146 3741 cap.
1188 3660 1295 3722 ·6:
1395 3662 1680 3722 Cometas
1749 3658 2034 3744 [natura]
2102 3681 2234 3722 non
2297 3664 2662 3741 frequenter

693 3763 1000 3853 ostendit,
1065 3779 1379 3839 adtribuit
1424 3781 1552 3841 illis
1600 3781 1807 3840 alium
1853 3781 2059 3841 locum
2081 3825 2096 3855 ‚
2159 3780 2293 3840 alia
2338 3786 2628 3859 tempora
2646 3824 2661 3855 ‚

692 3897 1032 3958 dissimiles
1078 3901 1297 3959 ceteris
1342 3906 1591 3960 motus:
1640 3900 1839 3959 voluit
1888 3906 1948 3958 et
1994 3900 2093 3959 his
2139 3900 2661 3977 m.a9nitudinem

692 4015 898 4091 operis
944 4016 1048 4073 sui
1094 4015 1315 4089 colere,
1365 4035 1640 4099 quorum
1686 4016 2028 4093 formosior
2072 4015 2271 4092 facies
2301 4019 2419 4087 est,
2466 4032 2663 4095 qua-m

690 4139 765 4191 ut
831 4131 1177 4206 fortuitam
1239 4139 1444 4212 putes.
1496 4168 1584 4178 —
1630 4127 1752 4192 Pro
1822 4132 2018 4192 colere
2074 4127 2480 4192 scribendum
2526 4148 2660 4191 esse

690 4247 871 4307 edere
915 4244 1083 4308 haud
1128 4245 1497 4309 dubitanter
1543 4244 1855 4309 affirmare
1902 4245 2124 4309 ausim.

775 4358 933 4426 Ibid.
987 4363 1069 4426 30
1094 4409 1109 4440 ‚
1160 4365 1231 4425 2:
1327 4364 1452 4425 Nec
1496 4361 1815 4425 miremur
1859 4371 1997 4424 tam
2043 4364 2227 4425 tarde
2272 4366 2451 4438 erui,
2499 4382 2659 4442 quae
