3142 5167
1669 521 1751 634 98

725 726 880 784 vani
937 726 1130 783 tensis
1174 724 1471 784 membris
1515 725 1933 786 exclamavit.-
2033 747 2064 782 »
2078 725 2297 785 Tacita
2337 741 2642 803 purpura
2662 767 2677 798 ‚

725 843 924 916 tacita
961 837 1327 920 purpura.”
1374 876 1455 887 —
1501 836 1705 903 Immo
1750 859 1896 903 vero
1943 843 2138 902 tensis
2184 840 2500 902 manibus.

2080 935 2088 962 l

1346 1238 1525 1300 mvn
1565 1238 1803 1301 voplscu
1842 1238 2093 1302 PROBUS.

821 1416 889 1482 C.
943 1421 974 1482 1
993 1463 1011 1496 ‚
1059 1420 1128 1482 3:
1194 1421 1472 1482 Probum
1502 1425 1891 1503 principem,
1937 1427 2121 1485 cuius
2155 1426 2424 1504 imperio
2452 1425 2688 1496 oriens,

735 1539 1015 1600 occidens
1033 1583 1049 1612 ‚
1110 1541 1437 1612 meridies,
1501 1543 1844 1618 septentrio
1890 1559 2229 1627 omnesque
2273 1541 2436 1602 orbis
2475 1545 2694 1621 partes

735 1655 807 1713 in
852 1658 1052 1713 totam
1083 1655 1487 1714 securitatem
1519 1656 1812 1716 redactae
1841 1662 2021 1731 sunt,
2067 1659 2452 1736 scriptorum
2475 1656 2696 1733 inopia

737 1773 872 1831 iam
938 1790 1141 1850 paene
1205 1755 1539 1834 necsimus.
1603 1806 1690 1818 —-
1754 1769 1988 1835 Parum
2033 1771 2295 1835 dubium
2340 1772 2438 1834 est
2455 1818 2470 1847 ‚
2538 1770 2694 1854 quin

736 1891 807 1949 in
853 1895 1065 1948 tutam
1111 1891 1518 1949 securitatem
1561 1884 1875 1970 Vopiscus
1921 1887 2265 1972 scripseris.

824 2003 891 2067 G.
944 2009 1017 2083 4,
1067 2005 1135 2067 5:
1234 2008 1314 2067 Te
1359 2026 1614 2090 quaes0,
1665 2008 1761 2086 fili
1805 2011 2159 2082 carissime,
2206 2013 2283 2069 ut
2325 2026 2475 2068 eum
2521 2008 2694 2066 iuve-

734 2145 879 2187 nem
904 2169 919 2200 ‚
996 2146 1185 2210 quem
1255 2098 1507 2186 imitari
1567 2130 1791 2205 pueris
1860 2128 2149 2188 omnibus
2216 2126 2349 2186 volo
2395 2127 2467 2185 in
2512 2129 2692 2183 tanto

733 2244 960 2303 habeas
1039 2245 1273 2303 honore
1348 2248 1664 2325 quantum
1733 2245 2001 2303 virtutes
2069 2245 2206 2303 eius
2232 2287 2245 2302 .
2276 2287 2290 2301 .
2320 2287 2335 2301 .
2365 2287 2379 2301 .
2456 2240 2693 2300 deside-

733 2365 903 2419 rant.
967 2392 1054 2403 —
1113 2355 1365 2419 Insulsa
1431 2357 1498 2418 et
1543 2355 1785 2419 soloeca
1830 2357 1928 2418 est
1972 2356 2159 2431 lectio
2213 2377 2396 2437 quem
2442 2358 2693 2417 imitari

726 2474 948 2550 pueris
1016 2472 1305 2532 omnibus
1372 2472 1523 2532 volo,
1639 2468 1898 2534 Gonicio
1958 2476 2182 2551 pueris
2250 2470 2526 2554 primum
2583 2468 2690 2531 de-

730 2587 1060 2671 pravatum
1106 2608 1240 2649 esse
1286 2607 1363 2649 ex
1404 2590 1669 2668 puberes
1683 2636 1700 2665 ‚
1771 2586 1996 2650 deinde
2041 2587 2370 2680 libraljium
2414 2587 2690 2670 aliquem

728 2723 842 2785 pro
904 2707 1125 2784 pueris
1192 2724 1406 2765 omnes
1473 2702 1835 2782 emendate,
1898 2707 1970 2767 ui:
2040 2703 2163 2767 sibi
2221 2706 2388 2767 certe
2435 2702 2690 2767 videba-

725 2820 866 2897 fiur,
935 2819 1260 2902 scripsisse
1321 2823 1545 2900 pueris
1592 2823 1904 2883 omnibus.
1999 2817 2491 2881 Resizituendum
2537 2837 2687 2900 ergo

727 2937 825 2998 est
863 2938 1129 3016 puberes
1178 2957 1411 2999 omnes.

813 3051 892 3115 In
959 3052 1090 3116 eod.
1163 3051 1312 3136 Gap.
1386 3052 1422 3135 ὅ
1499 3053 1572 3118 5:
1667 3056 1835 3117 Huic
1880 3057 2082 3135 iyitur
2126 3055 2273 3115 dari
2319 3055 2552 3115 iubebis
2578 3100 2592 3115 .
2622 3100 2635 3114 .
2667 3100 2681 3115 .

719 3173 1025 3250 patinam
1095 3176 1469 3249 arqenteam
1515 3171 1835 3232 librarum
1881 3174 2090 3232 decem
2135 3170 2553 3249 specellatam.
2603 3199 2689 3216 -·-—

724 3282 1132 3347 Adiectivum
1202 3284 1569 3363 specellatus
1618 3282 1788 3345 inter
1833 3287 2002 3366 ἅπαξ
2044 3287 2308 3364 εἰρημένα
2350 3303 2689 3346 numeran-

726 3397 876 3463 dum
945 3400 1060 3462 est.
1153 3397 1450 3462 Patinam
1505 3398 1909 3481 specellatam
1956 3398 2238 3480 patinam
2282 3399 2477 3462 fuisse
2521 3398 2688 3461 affir-

723 3518 903 3580 mant
962 3515 1239 3601 specillis
1287 3516 1327 3578 i.
1378 3538 1430 3580 e.
1479 3516 1693 3599 parvis
1743 3514 2014 3599 speculis
2061 3514 2445 3581 distinctam.
2538 3514 2689 3581 Non

726 3632 912 3697 credo
971 3635 1184 3696 autem
1212 3633 1219 3642 ‘
1246 3631 1323 3696 de
1383 3632 1622 3716 patinis
1668 3632 1787 3695 {zali
1831 3632 2012 3696 modo
2058 3634 2299 3697 ornatis
2346 3634 2447 3698 vel
2493 3634 2687 3698 semel

722 3747 878 3811 alibi
954 3748 1345 3812 mentionem
1418 3747 1652 3811 factam
1726 3768 1895 3824 esse,
1977 3748 2381 3830 quamobrem
2466 3749 2686 3813 malim

724 3866 1072 3946 siyillatam
1143 3865 1183 3926 i.
1233 3885 1285 3927 e.
1358 3864 1571 3946 parvis
1633 3863 1835 3947 signis
1900 3884 2011 3926 seu
2072 3863 2457 3949 imaginibus
2503 3887 2687 3930 orna-

722 3981 873 4043 lzam.
970 3978 1061 4043 Cf.
1113 3978 1241 4044 Cic.
1292 3977 1473 4043 Verr.
1522 3977 1637 4042 IV.
1692 3981 1809 4057 14,
1874 3982 1992 4044 32:
2061 3984 2238 4045 Iubet
2280 4004 2384 4046 me
2428 3988 2686 4066 scyphos

723 4098 1025 4177 siqillatos
1092 4099 1177 4158 ad
1238 4103 1604 4177 praetorem
1664 4100 1886 4158 statim
1952 4099 2188 4177 afferre
2201 4120 2228 4176 ,·
2295 4097 2392 4162 ad.
2441 4097 2586 4163 Att.
2629 4098 2678 4163 I.

725 4214 804 4276 10
829 4260 845 4291 ,
895 4217 971 4277 3:
1010 4216 1307 4295 putealia
1357 4215 1639 4295 siqillata
1682 4216 1826 4276 duo.

806 4330 873 4396 C.
950 4331 1070 4411 23,
1141 4332 1214 4396 5:
1324 4334 1747 4396 Divinitatem
1815 4332 2013 4393 Probo
2082 4334 2410 4413 deroqent,
2482 4355 2678 4419 quam
