3142 5167
851 1302 919 1396 C·
1023 1301 1399 1396 PLINIUS
1462 1300 1940 1398 CAECILIUS
2002 1297 2495 1393 SECUNDUS.

1506 1634 1850 1698 [PflsTuLAe.

780 2122 831 2186 Ι.
905 2123 1022 2204 20,
1097 2122 1177 2186 17
1209 2122 1288 2208 *).
1394 2126 1609 2208 Neque
1675 2127 1851 2185 enim
1918 2128 2137 2187 minus
2207 2126 2652 2205 imperspicua,

691 2243 937 2302 ineerta
954 2284 969 2315 ‚
1039 2240 1304 2317 fallacia
1372 2246 1525 2302 sunt
1593 2239 1882 2301 iudicum
1947 2242 2210 2319 inqenia
2253 2259 2448 2323 quam
2494 2247 2652 2301 tem-

682 2360 1012 2434 pestatum
1079 2360 1544 2436 terrarumque.
1602 2387 1681 2399 —
1728 2349 2213 2435 Ineptissimum
2259 2374 2391 2417 voe.
2443 2361 2649 2416 terra-

688 2490 957 2553 rumque
1028 2467 1166 2531 sine
1223 2468 1353 2531 ulla
1417 2467 1814 2532 dubitatione
1860 2468 2199 2534 delendum
2245 2469 2538 2533 existimo
2585 2471 2651 2532 et

684 2583 1099 2649 revocandam
1143 2605 1356 2648 veram
1383 2582 1725 2647 lectionem
1750 2594 2267 2670 temporumque3
2316 2585 2393 2649 ef.
2429 2582 2648 2647 Cicero

686 2704 761 2768 de
820 2701 902 2767 N.
951 2700 1030 2766 D.
1079 2701 1130 2764 Ι.
1182 2705 1262 2764 4:
1331 2709 1733 2783 tempestates
1782 2723 1856 2764 ac
1903 2683 2264 2784 temporum
2308 2706 2648 2764 varietates

684 2822 955 2901 coelique
1001 2822 1431 2897 mutationes;
1492 2813 1715 2879 Parad.
1768 2814 1900 2880 VI:
1961 2819 2174 2881 Virtus
2220 2839 2333 2880 nee
2378 2823 2647 2896 tempes-

684 2945 896 2999 tatum
941 2958 1056 2999 nec
1100 2942 1462 3016 temporum
1503 2938 1983 3016 permutatione
2029 2942 2347 2998 mutatur.

771 3051 839 3116 H
857 3100 873 3130 ‚
943 3057 982 3116 3
1049 3051 1299 3116 Isaeum
1367 3050 1583 3115 laudat
1605 3099 1619 3128 ‚
1689 3052 2007 3115 rhetorem
2050 3050 2472 3115 clarissimum
2489 3097 2504 3127 ‚
2570 3050 2646 3113 de

682 3188 805 3251 quo
852 3169 886 3250 ξ
935 3171 1006 3229 2:
1068 3171 1277 3230 Poscit
1322 3172 1779 3230 controversias
1818 3169 2039 3248 plures
2057 3214 2072 3243 ‚
2120 3170 2482 3231 electionem
2528 3189 2648 3231 au-

683 3284 991 3344 ditoribus
1031 3286 1389 3361 permittit,
1438 3303 1624 3363 saepe
1670 3287 1868 3344 etiam
1910 3290 2129 3363 partes
2149 3329 2164 3359 ‚
2212 3287 2433 3365 surqit,
2480 3288 2646 3345 ami-

684 3403 879 3475 citur,
926 3403 1172 3479 incipit.
1210 3434 1292 3444 —
1320 3402 1530 3461 Poscit
1552 3398 2029 3462 controversias,
2060 3436 2136 3447 -
2167 3396 2228 3461 A
2251 3399 2520 3483 quibus?
2561 3435 2641 3446 —-

686 3514 790 3581 Ab
835 3515 1226 3580 auditoribus
1243 3517 1273 3578 *Ρ
1364 3514 1632 3580 Minime
1679 3536 1845 3581 vero.
1915 3516 2037 3580 His
2084 3517 2457 3582 electionem
2503 3538 2644 3601 per-

684 3632 926 3710 mittit,
995 3632 1130 3715 ipse
1189 3636 1371 3715 ponit
1416 3636 1875 3695 controversias
1893 3678 1908 3709 ‚
1979 3631 2021 3694 i.
2071 3652 2124 3694 e.
2173 3632 2503 3716 proponit,
2575 3630 2646 3693 in

683 3746 961 3811 medium
1006 3747 1207 3810 affert.
1258 3745 1351 3811 Gi.
1402 3746 1530 3811 Cic.
1582 3747 1763 3811 Tuso.
1810 3744 1862 3809 Ι.
1912 3750 1982 3809 4:
2031 3749 2275 3811 Ponere
2321 3751 2672 3829 iubebam„

685 3866 763 3927 ole
812 3885 930 3949 quo
976 3869 1115 3949 quis
1160 3868 1391 3928 audire
1434 3867 1651 3939 vellet3
1699 3860 1873 3927 Orat.
1920 3864 1977 3926 l.
2018 3865 2137 3926 22:
2183 3866 2426 3926 Ponere
2447 3865 2645 3925 alicui

691 3982 1267 4063 quaestiunculam.

748 4249 797 4315 *)
834 4249 889 4299 ο.
928 4249 1082 4300 Plinii
1118 4249 1318 4300 Caecilii
1348 4215 1558 4300 samii
1580 4249 1917 4315 Epistularum
1935 4247 2050 4298 libri
2080 4265 2280 4310 novem,
2316 4250 2644 4316 Epistularum

689 4340 749 4391 ad
784 4341 1045 4392 Traianum
1079 4342 1225 4403 liber,
1258 4343 1613 4408 Panegyricus,
1650 4358 1841 4408 recogn.
1875 4342 1948 4393 Η.
1985 4342 2123 4403 Kei1;
2163 4342 2356 4410 Lipsiae
2391 4344 2542 4394 1868.
